bid,ask,mid,spread,bid_0_price,bid_0_size,bid_1_price,bid_1_size,bid_2_price,bid_2_size,bid_3_price,bid_3_size,bid_4_price,bid_4_size,ask_0_price,ask_0_size,ask_1_price,ask_1_size,ask_2_price,ask_2_size,ask_3_price,ask_3_size,ask_4_price,ask_4_size,imbalance,timestamp
0.0,0.0,0.0,0.0,0.0,0,0.0,0,0.0,0,0.0,0,0.0,0,0.0,0,0.0,0,0.0,0,0.0,0,0.0,0,0.0,2026-04-16 06:34:49.081739
99.74,99.77,99.755,0.030000000000001137,99.74,12,99.73,159,99.71,78,99.7,31,99.69,42,99.77,37,99.8,149,99.84,44,99.85,133,99.91,97,-0.17647058823529413,2026-04-16 06:34:49.590330
99.76,99.77,99.765,0.009999999999990905,99.76,12,99.74,12,99.73,159,99.71,78,99.7,31,99.77,37,99.8,149,99.84,44,99.85,133,99.91,97,-0.22340425531914893,2026-04-16 06:34:50.099110
99.76,99.8,99.78,0.03999999999999204,99.76,12,99.74,12,99.73,159,99.71,78,99.7,31,99.8,125,99.84,44,99.85,133,99.91,97,99.92,237,-0.3706896551724138,2026-04-16 06:34:50.604812
99.76,99.8,99.78,0.03999999999999204,99.76,12,99.74,12,99.73,159,99.71,78,99.7,31,99.8,125,99.84,44,99.85,133,99.91,97,99.92,237,-0.3706896551724138,2026-04-16 06:34:51.110807
99.71,99.8,99.755,0.09000000000000341,99.71,77,99.7,31,99.69,42,99.67,85,99.66,41,99.8,125,99.84,44,99.85,133,99.91,97,99.92,237,-0.39473684210526316,2026-04-16 06:34:51.616751
99.71,99.8,99.755,0.09000000000000341,99.71,77,99.7,31,99.69,246,99.67,85,99.66,41,99.8,125,99.84,44,99.85,133,99.91,97,99.92,237,-0.13978494623655913,2026-04-16 06:34:52.119325
99.71,99.8,99.755,0.09000000000000341,99.71,77,99.7,31,99.69,246,99.67,85,99.66,41,99.8,69,99.84,44,99.85,133,99.91,97,99.92,237,-0.09433962264150944,2026-04-16 06:34:52.625521
99.71,99.8,99.755,0.09000000000000341,99.71,77,99.7,31,99.69,246,99.67,85,99.66,41,99.8,69,99.84,44,99.85,133,99.91,97,99.92,237,-0.09433962264150944,2026-04-16 06:34:53.130456
99.71,99.8,99.755,0.09000000000000341,99.71,77,99.7,31,99.69,246,99.67,85,99.66,41,99.8,69,99.84,44,99.85,133,99.91,97,99.92,237,-0.09433962264150944,2026-04-16 06:34:53.635881
99.71,99.8,99.755,0.09000000000000341,99.71,77,99.7,31,99.69,246,99.67,85,99.66,41,99.8,69,99.84,44,99.85,133,99.91,97,99.92,237,-0.09433962264150944,2026-04-16 06:34:54.137537
99.71,99.8,99.755,0.09000000000000341,99.71,77,99.7,31,99.69,246,99.67,85,99.66,41,99.8,69,99.84,44,99.85,133,99.91,97,99.92,237,-0.09433962264150944,2026-04-16 06:34:54.643551
99.71,99.8,99.755,0.09000000000000341,99.71,77,99.7,31,99.69,246,99.67,85,99.66,41,99.8,69,99.84,44,99.85,133,99.91,97,99.92,237,-0.09433962264150944,2026-04-16 06:34:55.144958
99.71,99.8,99.755,0.09000000000000341,99.71,77,99.7,31,99.69,246,99.67,123,99.66,41,99.8,69,99.84,44,99.85,133,99.91,97,99.92,237,-0.056466302367941715,2026-04-16 06:34:55.646467
99.71,99.8,99.755,0.09000000000000341,99.71,77,99.7,31,99.69,246,99.67,123,99.66,41,99.8,69,99.84,44,99.85,133,99.91,97,99.92,237,-0.056466302367941715,2026-04-16 06:34:56.147987
99.71,99.8,99.755,0.09000000000000341,99.71,77,99.7,31,99.69,246,99.67,123,99.66,41,99.8,69,99.84,44,99.85,133,99.91,97,99.92,187,-0.011450381679389313,2026-04-16 06:34:56.652583
99.71,99.8,99.755,0.09000000000000341,99.71,77,99.7,31,99.69,246,99.67,123,99.66,41,99.8,69,99.84,44,99.85,133,99.91,97,99.92,187,-0.011450381679389313,2026-04-16 06:34:57.154131
99.71,99.8,99.755,0.09000000000000341,99.71,77,99.7,31,99.69,246,99.67,123,99.66,41,99.8,21,99.84,44,99.85,133,99.91,97,99.92,187,0.036,2026-04-16 06:34:57.656286
99.71,99.8,99.755,0.09000000000000341,99.71,77,99.7,31,99.69,246,99.67,123,99.66,41,99.8,21,99.84,44,99.85,133,99.87,47,99.91,97,0.20465116279069767,2026-04-16 06:34:58.158003
99.71,99.8,99.755,0.09000000000000341,99.71,77,99.7,31,99.69,246,99.67,123,99.66,41,99.8,21,99.84,44,99.85,133,99.87,47,99.91,97,0.20465116279069767,2026-04-16 06:34:58.663772
99.71,99.8,99.755,0.09000000000000341,99.71,222,99.7,31,99.69,246,99.67,123,99.66,41,99.8,21,99.84,44,99.85,133,99.87,47,99.91,97,0.3194029850746269,2026-04-16 06:34:59.166303
99.71,99.8,99.755,0.09000000000000341,99.71,82,99.7,31,99.69,246,99.67,123,99.66,41,99.8,21,99.84,44,99.85,133,99.87,47,99.91,97,0.2092485549132948,2026-04-16 06:34:59.668662
99.71,99.8,99.755,0.09000000000000341,99.71,82,99.7,31,99.69,246,99.67,123,99.66,41,99.8,21,99.84,44,99.85,133,99.87,47,99.91,97,0.2092485549132948,2026-04-16 06:35:00.171366
99.71,99.8,99.755,0.09000000000000341,99.71,82,99.7,31,99.69,246,99.67,123,99.66,41,99.8,21,99.84,44,99.85,133,99.87,47,99.91,97,0.2092485549132948,2026-04-16 06:35:00.677549
99.71,99.8,99.755,0.09000000000000341,99.71,82,99.7,31,99.69,246,99.67,123,99.66,41,99.8,21,99.84,44,99.85,133,99.87,47,99.91,97,0.2092485549132948,2026-04-16 06:35:01.179006
99.71,99.8,99.755,0.09000000000000341,99.71,38,99.7,31,99.69,246,99.67,123,99.66,41,99.8,21,99.84,44,99.85,133,99.87,47,99.91,97,0.1668696711327649,2026-04-16 06:35:01.685097
99.71,99.8,99.755,0.09000000000000341,99.71,38,99.7,31,99.69,246,99.67,123,99.66,41,99.8,21,99.82,66,99.84,44,99.85,133,99.87,47,0.21265822784810126,2026-04-16 06:35:02.189204
99.71,99.8,99.755,0.09000000000000341,99.71,38,99.7,31,99.69,246,99.67,123,99.66,41,99.8,21,99.82,66,99.84,44,99.85,133,99.87,47,0.21265822784810126,2026-04-16 06:35:02.694592
99.71,99.8,99.755,0.09000000000000341,99.71,38,99.7,31,99.69,246,99.67,123,99.66,41,99.8,21,99.82,66,99.84,44,99.85,133,99.87,47,0.21265822784810126,2026-04-16 06:35:03.198929
99.71,99.8,99.755,0.09000000000000341,99.71,38,99.7,31,99.69,246,99.67,123,99.66,99,99.8,21,99.82,66,99.84,44,99.85,133,99.87,47,0.2665094339622642,2026-04-16 06:35:03.702684
99.71,99.8,99.755,0.09000000000000341,99.71,38,99.7,31,99.69,246,99.67,123,99.66,99,99.8,21,99.82,66,99.84,44,99.85,133,99.87,47,0.2665094339622642,2026-04-16 06:35:04.208493
99.71,99.8,99.755,0.09000000000000341,99.71,38,99.7,31,99.69,246,99.67,123,99.66,99,99.8,21,99.82,66,99.84,44,99.85,133,99.87,47,0.2665094339622642,2026-04-16 06:35:04.714258
99.71,99.77,99.74,0.060000000000002274,99.71,38,99.7,31,99.69,246,99.67,123,99.66,99,99.77,21,99.82,66,99.84,44,99.85,133,99.87,47,0.2665094339622642,2026-04-16 06:35:05.221438
99.71,99.77,99.74,0.060000000000002274,99.71,38,99.7,31,99.69,246,99.67,123,99.66,99,99.77,21,99.82,66,99.84,44,99.85,133,99.87,47,0.2665094339622642,2026-04-16 06:35:05.727581
99.71,99.77,99.74,0.060000000000002274,99.71,38,99.7,31,99.69,246,99.67,123,99.66,99,99.77,21,99.82,66,99.84,44,99.85,133,99.87,47,0.2665094339622642,2026-04-16 06:35:06.231284
99.71,99.77,99.74,0.060000000000002274,99.71,38,99.7,31,99.69,246,99.67,123,99.66,99,99.77,21,99.79,78,99.82,66,99.84,44,99.85,133,0.22184300341296928,2026-04-16 06:35:06.736850
99.71,99.77,99.74,0.060000000000002274,99.71,38,99.7,31,99.69,246,99.67,123,99.66,99,99.77,21,99.79,78,99.84,44,99.85,133,99.87,47,0.24883720930232558,2026-04-16 06:35:07.239519
99.71,99.77,99.74,0.060000000000002274,99.71,38,99.7,31,99.69,246,99.67,123,99.66,99,99.77,21,99.79,78,99.84,44,99.85,133,99.87,47,0.24883720930232558,2026-04-16 06:35:07.740351
99.71,99.77,99.74,0.060000000000002274,99.71,38,99.7,31,99.69,246,99.67,123,99.66,99,99.77,97,99.79,78,99.84,44,99.85,133,99.87,47,0.14743589743589744,2026-04-16 06:35:08.245747
99.71,99.77,99.74,0.060000000000002274,99.71,85,99.7,31,99.69,246,99.67,123,99.66,99,99.77,76,99.79,78,99.84,44,99.85,133,99.87,47,0.21413721413721415,2026-04-16 06:35:08.751596
99.71,99.77,99.74,0.060000000000002274,99.71,85,99.7,31,99.69,246,99.67,123,99.66,99,99.77,76,99.79,78,99.84,44,99.85,133,99.87,47,0.21413721413721415,2026-04-16 06:35:09.253076
99.71,99.77,99.74,0.060000000000002274,99.71,85,99.7,31,99.69,246,99.67,123,99.66,99,99.77,76,99.79,78,99.84,44,99.85,133,99.87,47,0.21413721413721415,2026-04-16 06:35:09.756606
99.71,99.75,99.72999999999999,0.04000000000000625,99.71,85,99.7,31,99.69,246,99.67,123,99.66,99,99.75,35,99.77,76,99.79,78,99.84,44,99.85,133,0.2294736842105263,2026-04-16 06:35:10.262912
99.71,99.75,99.72999999999999,0.04000000000000625,99.71,85,99.7,31,99.69,246,99.67,123,99.66,99,99.75,35,99.77,76,99.79,78,99.84,44,99.85,133,0.2294736842105263,2026-04-16 06:35:10.764957
99.71,99.75,99.72999999999999,0.04000000000000625,99.71,85,99.7,31,99.69,246,99.67,123,99.66,99,99.75,35,99.77,76,99.79,78,99.84,44,99.85,133,0.2294736842105263,2026-04-16 06:35:11.265924
99.71,99.77,99.74,0.060000000000002274,99.71,85,99.7,31,99.69,246,99.67,123,99.66,99,99.77,56,99.79,78,99.84,44,99.85,133,99.87,47,0.23991507430997877,2026-04-16 06:35:11.769352
99.71,99.77,99.74,0.060000000000002274,99.71,85,99.7,31,99.69,246,99.67,123,99.66,99,99.77,56,99.79,78,99.84,44,99.85,133,99.87,47,0.23991507430997877,2026-04-16 06:35:12.270470
99.71,99.77,99.74,0.060000000000002274,99.71,125,99.7,31,99.69,246,99.67,123,99.66,99,99.77,56,99.79,78,99.84,44,99.85,133,99.87,47,0.2708757637474542,2026-04-16 06:35:12.773896
99.71,99.73,99.72,0.020000000000010232,99.71,125,99.7,31,99.69,246,99.67,123,99.66,99,99.73,44,99.77,56,99.79,78,99.84,44,99.85,133,0.27477017364657813,2026-04-16 06:35:13.279477
99.71,99.73,99.72,0.020000000000010232,99.71,125,99.7,31,99.69,246,99.67,123,99.66,99,99.73,44,99.77,56,99.79,78,99.84,44,99.85,133,0.27477017364657813,2026-04-16 06:35:13.785481
99.71,99.73,99.72,0.020000000000010232,99.71,125,99.7,31,99.69,246,99.67,123,99.66,99,99.73,44,99.77,56,99.79,78,99.84,44,99.85,133,0.27477017364657813,2026-04-16 06:35:14.291161
99.71,99.73,99.72,0.020000000000010232,99.71,125,99.7,31,99.69,246,99.67,123,99.66,99,99.73,44,99.77,56,99.79,78,99.8,96,99.84,44,0.3248407643312102,2026-04-16 06:35:14.797050
99.71,99.73,99.72,0.020000000000010232,99.71,125,99.7,31,99.69,246,99.67,123,99.66,99,99.73,29,99.77,56,99.79,78,99.8,96,99.84,44,0.34627831715210355,2026-04-16 06:35:15.303357
99.71,99.73,99.72,0.020000000000010232,99.71,125,99.7,31,99.69,246,99.67,123,99.66,99,99.73,29,99.77,56,99.79,78,99.8,96,99.84,44,0.34627831715210355,2026-04-16 06:35:15.809707
99.71,99.73,99.72,0.020000000000010232,99.71,125,99.7,31,99.69,246,99.67,123,99.66,99,99.73,29,99.77,56,99.79,78,99.8,96,99.84,44,0.34627831715210355,2026-04-16 06:35:16.315972
99.71,99.73,99.72,0.020000000000010232,99.71,125,99.7,31,99.69,246,99.67,123,99.66,99,99.73,29,99.77,56,99.79,78,99.8,96,99.84,44,0.34627831715210355,2026-04-16 06:35:16.817342
99.71,99.73,99.72,0.020000000000010232,99.71,125,99.7,31,99.69,246,99.67,123,99.66,99,99.73,29,99.77,56,99.79,78,99.8,96,99.84,44,0.34627831715210355,2026-04-16 06:35:17.321410
99.71,99.73,99.72,0.020000000000010232,99.71,125,99.7,31,99.69,246,99.67,123,99.66,99,99.73,29,99.77,56,99.79,78,99.8,96,99.84,44,0.34627831715210355,2026-04-16 06:35:17.827316
99.71,99.73,99.72,0.020000000000010232,99.71,125,99.7,31,99.69,246,99.67,123,99.66,99,99.73,29,99.77,56,99.79,78,99.8,96,99.84,44,0.34627831715210355,2026-04-16 06:35:18.330583
99.71,99.73,99.72,0.020000000000010232,99.71,125,99.7,31,99.69,246,99.67,123,99.66,99,99.73,29,99.77,56,99.79,78,99.8,96,99.84,44,0.34627831715210355,2026-04-16 06:35:18.836549
99.71,99.73,99.72,0.020000000000010232,99.71,125,99.7,31,99.69,246,99.67,123,99.66,99,99.73,29,99.77,56,99.79,78,99.8,96,99.84,44,0.34627831715210355,2026-04-16 06:35:19.337575
99.72,99.73,99.725,0.010000000000005116,99.72,79,99.71,125,99.7,31,99.69,246,99.67,123,99.73,14,99.77,56,99.79,78,99.8,96,99.84,44,0.3542600896860987,2026-04-16 06:35:19.843070
99.72,99.73,99.725,0.010000000000005116,99.72,79,99.71,125,99.69,246,99.67,123,99.66,99,99.73,14,99.77,56,99.79,78,99.8,96,99.84,44,0.4,2026-04-16 06:35:20.348028
99.72,99.73,99.725,0.010000000000005116,99.72,79,99.71,125,99.69,246,99.67,123,99.66,99,99.73,14,99.77,56,99.79,78,99.8,96,99.84,44,0.4,2026-04-16 06:35:20.853702
99.72,99.73,99.725,0.010000000000005116,99.72,79,99.71,125,99.7,46,99.69,246,99.67,123,99.73,14,99.77,56,99.79,78,99.8,96,99.84,44,0.3649393605292172,2026-04-16 06:35:21.356944
99.72,99.73,99.725,0.010000000000005116,99.72,79,99.71,125,99.7,46,99.69,246,99.67,123,99.73,14,99.77,56,99.84,44,99.85,133,99.87,47,0.3559693318729463,2026-04-16 06:35:21.862681
99.72,99.73,99.725,0.010000000000005116,99.72,79,99.71,125,99.7,46,99.69,246,99.67,123,99.73,14,99.77,56,99.81,54,99.84,44,99.85,133,0.3456521739130435,2026-04-16 06:35:22.368220
99.72,99.73,99.725,0.010000000000005116,99.72,79,99.71,125,99.7,46,99.69,246,99.67,177,99.73,14,99.77,56,99.81,54,99.84,44,99.85,133,0.38193018480492813,2026-04-16 06:35:22.873998
99.72,99.73,99.725,0.010000000000005116,99.72,79,99.71,125,99.7,46,99.69,246,99.67,177,99.73,14,99.77,56,99.81,54,99.84,44,99.85,133,0.38193018480492813,2026-04-16 06:35:23.377450
99.72,99.73,99.725,0.010000000000005116,99.72,79,99.71,125,99.7,46,99.69,246,99.67,177,99.73,14,99.77,56,99.81,54,99.84,44,99.85,133,0.38193018480492813,2026-04-16 06:35:23.878975
99.72,99.73,99.725,0.010000000000005116,99.72,79,99.71,125,99.7,46,99.69,246,99.67,177,99.73,14,99.77,56,99.81,54,99.84,44,99.85,133,0.38193018480492813,2026-04-16 06:35:24.384341
99.72,99.73,99.725,0.010000000000005116,99.72,65,99.71,125,99.7,46,99.69,246,99.67,177,99.73,14,99.77,56,99.81,54,99.84,44,99.85,133,0.3729166666666667,2026-04-16 06:35:24.890278
99.72,99.73,99.725,0.010000000000005116,99.72,65,99.71,125,99.7,46,99.69,246,99.67,177,99.73,14,99.77,56,99.81,54,99.84,44,99.85,133,0.3729166666666667,2026-04-16 06:35:25.395827
99.72,99.73,99.725,0.010000000000005116,99.72,65,99.71,125,99.7,46,99.69,246,99.67,92,99.73,14,99.77,56,99.81,54,99.84,44,99.85,133,0.312,2026-04-16 06:35:25.897269
99.72,99.73,99.725,0.010000000000005116,99.72,65,99.71,125,99.7,46,99.69,246,99.67,92,99.73,14,99.77,56,99.81,54,99.84,44,99.85,133,0.312,2026-04-16 06:35:26.402631
99.72,99.73,99.725,0.010000000000005116,99.72,65,99.71,125,99.7,46,99.69,367,99.67,92,99.73,14,99.77,56,99.79,66,99.81,54,99.84,44,0.49623250807319697,2026-04-16 06:35:26.907620
99.72,99.73,99.725,0.010000000000005116,99.72,65,99.71,125,99.7,46,99.69,367,99.67,92,99.73,14,99.77,56,99.79,66,99.81,54,99.84,44,0.49623250807319697,2026-04-16 06:35:27.413503
99.72,99.73,99.725,0.010000000000005116,99.72,65,99.71,125,99.7,46,99.69,367,99.67,92,99.73,14,99.77,56,99.79,66,99.81,54,99.84,44,0.49623250807319697,2026-04-16 06:35:27.919537
99.72,99.77,99.745,0.04999999999999716,99.72,65,99.71,125,99.7,46,99.69,367,99.67,92,99.77,19,99.79,66,99.81,54,99.84,44,99.85,133,0.37487636003956476,2026-04-16 06:35:28.425268
99.72,99.77,99.745,0.04999999999999716,99.72,65,99.71,125,99.7,46,99.69,367,99.67,92,99.77,19,99.79,66,99.81,54,99.84,44,99.85,133,0.37487636003956476,2026-04-16 06:35:28.931117
99.72,99.77,99.745,0.04999999999999716,99.72,65,99.71,125,99.7,46,99.69,367,99.67,92,99.77,19,99.79,66,99.81,54,99.84,44,99.85,133,0.37487636003956476,2026-04-16 06:35:29.437242
99.71,99.77,99.74,0.060000000000002274,99.71,75,99.7,46,99.69,367,99.67,92,99.66,146,99.77,19,99.79,66,99.81,54,99.84,44,99.85,133,0.3934740882917466,2026-04-16 06:35:29.943414
99.71,99.77,99.74,0.060000000000002274,99.71,75,99.7,46,99.69,246,99.67,92,99.66,146,99.77,19,99.79,66,99.81,54,99.84,44,99.85,133,0.31378935939196523,2026-04-16 06:35:30.449619
99.71,99.77,99.74,0.060000000000002274,99.71,75,99.7,46,99.69,246,99.67,92,99.66,146,99.77,19,99.79,66,99.81,54,99.84,44,99.85,133,0.31378935939196523,2026-04-16 06:35:30.952691
99.71,99.77,99.74,0.060000000000002274,99.71,75,99.7,46,99.69,246,99.67,92,99.66,146,99.77,19,99.79,66,99.81,75,99.84,44,99.85,133,0.28450106157112526,2026-04-16 06:35:31.458914
99.71,99.77,99.74,0.060000000000002274,99.71,75,99.7,46,99.69,246,99.67,92,99.66,146,99.77,19,99.79,66,99.81,75,99.84,44,99.85,133,0.28450106157112526,2026-04-16 06:35:31.964800
99.71,99.77,99.74,0.060000000000002274,99.71,75,99.7,46,99.69,246,99.67,92,99.66,146,99.77,19,99.79,66,99.81,75,99.84,44,99.85,133,0.28450106157112526,2026-04-16 06:35:32.465859
99.71,99.77,99.74,0.060000000000002274,99.71,75,99.7,46,99.69,246,99.67,92,99.66,146,99.77,19,99.79,66,99.81,75,99.84,44,99.85,133,0.28450106157112526,2026-04-16 06:35:32.971790
99.71,99.77,99.74,0.060000000000002274,99.71,75,99.7,46,99.69,246,99.67,92,99.66,146,99.77,19,99.79,66,99.81,75,99.84,44,99.85,133,0.28450106157112526,2026-04-16 06:35:33.477786
99.71,99.77,99.74,0.060000000000002274,99.71,75,99.7,46,99.69,246,99.67,92,99.66,146,99.77,19,99.79,66,99.81,75,99.84,44,99.85,133,0.28450106157112526,2026-04-16 06:35:33.981340
99.71,99.77,99.74,0.060000000000002274,99.71,75,99.7,46,99.69,246,99.67,92,99.66,146,99.77,19,99.79,66,99.81,75,99.84,44,99.85,133,0.28450106157112526,2026-04-16 06:35:34.487392
99.71,99.72,99.715,0.010000000000005116,99.71,75,99.7,46,99.69,246,99.67,92,99.66,146,99.72,2,99.77,19,99.79,66,99.81,54,99.84,44,0.5316455696202531,2026-04-16 06:35:34.993346
99.71,99.72,99.715,0.010000000000005116,99.71,75,99.7,46,99.69,246,99.67,92,99.66,146,99.72,2,99.77,19,99.79,66,99.81,54,99.84,44,0.5316455696202531,2026-04-16 06:35:35.499541
99.71,99.72,99.715,0.010000000000005116,99.71,75,99.7,46,99.69,342,99.67,92,99.66,146,99.72,2,99.77,19,99.79,66,99.81,54,99.82,18,0.6302325581395349,2026-04-16 06:35:36.002878
99.7,99.72,99.71000000000001,0.01999999999999602,99.7,16,99.69,342,99.67,92,99.66,146,99.65,45,99.72,2,99.77,19,99.79,66,99.81,54,99.82,18,0.6025,2026-04-16 06:35:36.504433
99.69,99.72,99.705,0.030000000000001137,99.69,303,99.67,92,99.66,146,99.65,45,0.0,0,99.72,2,99.77,19,99.79,66,99.81,54,99.82,18,0.5731543624161074,2026-04-16 06:35:37.008435
99.69,99.72,99.705,0.030000000000001137,99.69,303,99.67,92,99.66,146,99.65,45,0.0,0,99.72,2,99.77,19,99.79,66,99.81,54,99.82,18,0.5731543624161074,2026-04-16 06:35:37.513756
99.69,99.79,99.74000000000001,0.10000000000000853,99.69,303,99.67,92,99.66,146,99.65,45,0.0,0,99.79,7,99.81,54,99.82,18,99.84,44,99.85,133,0.3919239904988123,2026-04-16 06:35:38.018736
99.69,99.79,99.74000000000001,0.10000000000000853,99.69,303,99.67,92,99.66,146,99.65,45,0.0,0,99.79,7,99.81,54,99.82,18,99.84,44,99.85,133,0.3919239904988123,2026-04-16 06:35:38.523818
99.69,99.79,99.74000000000001,0.10000000000000853,99.69,303,99.67,92,99.66,146,99.65,45,0.0,0,99.79,7,99.81,54,99.82,18,99.84,44,99.85,133,0.3919239904988123,2026-04-16 06:35:39.029907
99.69,99.79,99.74000000000001,0.10000000000000853,99.69,303,99.67,92,99.66,88,99.65,45,0.0,0,99.79,7,99.81,54,99.82,18,99.84,44,99.85,133,0.3469387755102041,2026-04-16 06:35:39.536146
99.72,99.79,99.755,0.07000000000000739,99.72,7,99.69,303,99.67,92,99.66,88,99.65,45,99.79,7,99.81,54,99.82,18,99.84,44,99.85,133,0.3527180783817952,2026-04-16 06:35:40.037478
99.72,99.81,99.765,0.09000000000000341,99.72,7,99.69,303,99.67,92,99.66,88,99.65,45,99.81,14,99.82,18,99.84,44,99.85,133,99.87,47,0.3527180783817952,2026-04-16 06:35:40.540206
99.72,99.81,99.765,0.09000000000000341,99.72,7,99.69,303,99.67,92,99.66,88,99.65,45,99.81,14,99.82,18,99.84,44,99.85,133,99.87,47,0.3527180783817952,2026-04-16 06:35:41.044941
99.72,99.81,99.765,0.09000000000000341,99.72,7,99.69,303,99.67,92,99.66,88,99.65,132,99.81,14,99.82,18,99.84,44,99.85,133,99.87,47,0.4168564920273349,2026-04-16 06:35:41.551164
99.72,99.81,99.765,0.09000000000000341,99.72,7,99.69,303,99.67,92,99.66,88,99.65,132,99.81,14,99.82,18,99.84,44,99.85,13,99.87,47,0.6411609498680739,2026-04-16 06:35:42.057481
99.72,99.81,99.765,0.09000000000000341,99.72,7,99.69,303,99.67,92,99.66,88,99.65,132,99.81,14,99.82,18,99.85,13,99.87,47,99.89,130,0.47393364928909953,2026-04-16 06:35:42.563759
99.72,99.81,99.765,0.09000000000000341,99.72,7,99.69,303,99.67,92,99.66,88,99.65,132,99.81,14,99.82,18,99.85,13,99.87,47,99.89,130,0.47393364928909953,2026-04-16 06:35:43.068808
99.72,99.85,99.785,0.12999999999999545,99.72,7,99.69,303,99.67,38,99.66,88,99.65,132,99.85,5,99.87,47,99.89,130,99.9,57,99.91,176,0.15564598168870802,2026-04-16 06:35:43.574790
99.69,99.87,99.78,0.18000000000000682,99.69,303,99.67,38,99.66,88,99.65,132,99.62,43,99.87,47,99.89,130,99.9,57,99.91,176,99.92,88,0.09618874773139746,2026-04-16 06:35:44.080120
99.77,99.87,99.82,0.10000000000000853,99.77,154,99.69,303,99.67,38,99.66,88,99.65,132,99.87,47,99.89,130,99.9,57,99.91,176,99.92,88,0.17889530090684255,2026-04-16 06:35:44.585798
99.77,99.86,99.815,0.09000000000000341,99.77,154,99.69,303,99.66,88,99.65,132,99.62,43,99.86,14,99.87,47,99.89,130,99.9,57,99.91,176,0.25874125874125875,2026-04-16 06:35:45.091832
99.77,99.86,99.815,0.09000000000000341,99.77,154,99.69,303,99.66,88,99.65,132,99.62,43,99.86,14,99.87,47,99.89,130,99.9,57,99.91,176,0.25874125874125875,2026-04-16 06:35:45.597978
99.77,99.78,99.775,0.010000000000005116,99.77,154,99.69,303,99.66,88,99.65,132,99.62,43,99.78,52,99.86,14,99.87,47,99.9,57,99.91,176,0.350844277673546,2026-04-16 06:35:46.102638
99.79,99.86,99.825,0.06999999999999318,99.79,47,99.77,154,99.69,303,99.66,88,99.65,132,99.86,14,99.87,47,99.9,57,99.91,176,99.92,88,0.3092224231464738,2026-04-16 06:35:46.608727
99.79,99.86,99.825,0.06999999999999318,99.79,47,99.77,154,99.69,303,99.66,88,99.65,132,99.86,14,99.87,47,99.9,174,99.91,176,99.92,88,0.1839738348323794,2026-04-16 06:35:47.114699
99.79,99.86,99.825,0.06999999999999318,99.79,47,99.77,154,99.69,303,99.66,88,99.65,132,99.86,14,99.87,47,99.9,174,99.91,176,99.92,88,0.1839738348323794,2026-04-16 06:35:47.620802
99.79,99.86,99.825,0.06999999999999318,99.79,47,99.77,154,99.69,303,99.66,88,99.65,132,99.86,14,99.87,47,99.9,174,99.91,176,99.92,88,0.1839738348323794,2026-04-16 06:35:48.123581
99.79,99.87,99.83000000000001,0.0799999999999983,99.79,47,99.77,154,99.69,303,99.66,88,99.65,132,99.87,47,99.9,174,99.91,176,99.92,88,99.93,26,0.17246963562753037,2026-04-16 06:35:48.629609
99.79,99.87,99.83000000000001,0.0799999999999983,99.79,47,99.77,154,99.69,303,99.66,88,99.65,132,99.87,47,99.9,174,99.91,176,99.92,88,99.93,26,0.17246963562753037,2026-04-16 06:35:49.131464
99.79,99.87,99.83000000000001,0.0799999999999983,99.79,47,99.77,154,99.69,303,99.66,88,99.65,132,99.87,47,99.89,17,99.9,174,99.91,176,99.92,88,0.18107667210440456,2026-04-16 06:35:49.636724
99.81,99.85,99.83,0.03999999999999204,99.81,63,99.79,47,99.77,154,99.69,303,99.66,88,99.85,31,99.87,47,99.89,17,99.9,174,99.91,176,0.19090909090909092,2026-04-16 06:35:50.140524
99.81,99.85,99.83,0.03999999999999204,99.81,63,99.79,47,99.77,154,99.69,303,99.66,88,99.85,31,99.87,47,99.89,17,99.9,174,99.91,176,0.19090909090909092,2026-04-16 06:35:50.645931
99.79,99.85,99.82,0.05999999999998806,99.79,47,99.77,154,99.69,303,99.66,88,99.65,132,99.85,31,99.87,47,99.89,17,99.9,174,99.91,176,0.2386655260906758,2026-04-16 06:35:51.152111
99.79,99.85,99.82,0.05999999999998806,99.79,47,99.77,296,99.69,303,99.66,88,99.65,132,99.85,31,99.87,47,99.89,17,99.9,174,99.91,176,0.32112890922959575,2026-04-16 06:35:51.656688
99.77,99.8,99.785,0.030000000000001137,99.77,263,99.69,303,99.66,88,99.65,132,99.62,43,99.8,119,99.85,31,99.87,47,99.89,17,99.9,174,0.36236647493837304,2026-04-16 06:35:52.161799
99.77,99.8,99.785,0.030000000000001137,99.77,263,99.69,303,99.66,88,99.65,132,99.62,43,99.8,119,99.85,31,99.87,47,99.89,17,99.9,174,0.36236647493837304,2026-04-16 06:35:52.667425
99.77,99.8,99.785,0.030000000000001137,99.77,263,99.69,303,99.66,88,99.65,132,99.62,43,99.8,47,99.85,31,99.87,47,99.89,17,99.9,174,0.4480349344978166,2026-04-16 06:35:53.172552
99.77,99.8,99.785,0.030000000000001137,99.77,263,99.69,303,99.66,88,99.65,132,99.62,43,99.8,47,99.87,47,99.89,17,99.9,174,99.91,176,0.28527131782945736,2026-04-16 06:35:53.674827
99.77,99.8,99.785,0.030000000000001137,99.77,263,99.69,303,99.66,88,99.65,132,99.62,43,99.8,47,99.87,47,99.89,17,99.9,174,99.91,176,0.28527131782945736,2026-04-16 06:35:54.180377
99.77,99.8,99.785,0.030000000000001137,99.77,142,99.69,303,99.66,88,99.65,132,99.62,43,99.8,47,99.87,47,99.89,17,99.9,174,99.91,176,0.21129170230966637,2026-04-16 06:35:54.685900
99.77,99.78,99.775,0.010000000000005116,99.77,142,99.69,303,99.66,88,99.65,132,99.62,43,99.78,47,99.8,47,99.87,47,99.89,17,99.9,174,0.36153846153846153,2026-04-16 06:35:55.188704
99.77,99.78,99.775,0.010000000000005116,99.77,76,99.69,303,99.66,88,99.65,132,99.62,43,99.78,47,99.8,47,99.85,29,99.87,47,99.89,17,0.548854041013269,2026-04-16 06:35:55.694861
99.77,99.78,99.775,0.010000000000005116,99.77,76,99.69,303,99.66,88,99.65,132,99.62,43,99.78,47,99.8,47,99.85,29,99.87,47,99.89,17,0.548854041013269,2026-04-16 06:35:56.198024
99.77,99.78,99.775,0.010000000000005116,99.77,76,99.69,303,99.66,88,99.65,132,99.62,43,99.78,47,99.8,47,99.85,29,99.87,47,99.89,17,0.548854041013269,2026-04-16 06:35:56.702536
99.77,99.78,99.775,0.010000000000005116,99.77,76,99.69,303,99.66,88,99.65,132,99.62,43,99.78,47,99.8,47,99.85,29,99.87,47,99.89,17,0.548854041013269,2026-04-16 06:35:57.205425
99.77,99.78,99.775,0.010000000000005116,99.77,76,99.69,303,99.66,88,99.65,132,99.62,43,99.78,47,99.8,47,99.85,29,99.87,47,99.89,17,0.548854041013269,2026-04-16 06:35:57.711204
99.77,99.78,99.775,0.010000000000005116,99.77,76,99.69,303,99.66,88,99.65,132,99.62,43,99.78,47,99.8,47,99.85,29,99.87,47,99.89,17,0.548854041013269,2026-04-16 06:35:58.216907
99.77,99.8,99.785,0.030000000000001137,99.77,76,99.69,303,99.66,88,99.65,132,99.62,43,99.8,47,99.85,29,99.87,47,99.89,17,99.9,174,0.34309623430962344,2026-04-16 06:35:58.718311
99.77,99.8,99.785,0.030000000000001137,99.77,76,99.69,303,99.66,88,99.65,132,99.62,43,99.8,47,99.85,29,99.87,47,99.89,17,99.9,174,0.34309623430962344,2026-04-16 06:35:59.223080
99.77,99.8,99.785,0.030000000000001137,99.77,76,99.75,76,99.69,303,99.66,88,99.65,45,99.8,47,99.85,29,99.87,47,99.89,17,99.9,174,0.30376940133037694,2026-04-16 06:35:59.728911
99.77,99.8,99.785,0.030000000000001137,99.77,49,99.75,76,99.69,303,99.66,88,99.65,45,99.8,47,99.85,29,99.87,47,99.89,17,99.9,174,0.2822857142857143,2026-04-16 06:36:00.233909
99.77,99.8,99.785,0.030000000000001137,99.77,49,99.75,76,99.69,303,99.66,88,99.65,45,99.8,47,99.85,29,99.87,83,99.89,17,99.9,174,0.23161361141602635,2026-04-16 06:36:00.739924
99.77,99.8,99.785,0.030000000000001137,99.77,49,99.75,76,99.69,303,99.66,88,99.65,45,99.8,47,99.85,29,99.87,83,99.89,17,99.9,174,0.23161361141602635,2026-04-16 06:36:01.246085
99.77,99.8,99.785,0.030000000000001137,99.77,49,99.75,76,99.69,303,99.66,88,99.65,45,99.8,47,99.85,29,99.87,83,99.89,17,99.9,174,0.23161361141602635,2026-04-16 06:36:01.747797
99.77,99.8,99.785,0.030000000000001137,99.77,49,99.75,76,99.69,303,99.66,88,99.65,45,99.8,47,99.85,29,99.87,83,99.89,17,99.9,174,0.23161361141602635,2026-04-16 06:36:02.253868
99.77,99.8,99.785,0.030000000000001137,99.77,49,99.75,76,99.69,303,99.66,88,99.65,45,99.8,47,99.85,29,99.87,83,99.89,17,99.9,174,0.23161361141602635,2026-04-16 06:36:02.759764
99.77,99.8,99.785,0.030000000000001137,99.77,49,99.75,76,99.69,303,99.66,88,99.65,45,99.8,47,99.85,29,99.87,83,99.89,17,99.9,174,0.23161361141602635,2026-04-16 06:36:03.261202
99.77,99.8,99.785,0.030000000000001137,99.77,49,99.75,76,99.69,303,99.66,88,99.65,45,99.8,47,99.85,29,99.87,83,99.89,17,99.9,174,0.23161361141602635,2026-04-16 06:36:03.766049
99.77,99.8,99.785,0.030000000000001137,99.77,49,99.75,76,99.69,303,99.66,88,99.65,45,99.8,47,99.85,29,99.87,83,99.89,17,99.9,174,0.23161361141602635,2026-04-16 06:36:04.270236
99.77,99.8,99.785,0.030000000000001137,99.77,23,99.75,76,99.74,31,99.69,303,99.66,88,99.8,47,99.85,29,99.87,83,99.89,17,99.9,174,0.19632606199770378,2026-04-16 06:36:04.775773
99.77,99.8,99.785,0.030000000000001137,99.77,23,99.75,76,99.69,303,99.66,88,99.65,45,99.8,29,99.85,29,99.87,83,99.89,17,99.9,174,0.23414071510957324,2026-04-16 06:36:05.281651
99.77,99.8,99.785,0.030000000000001137,99.77,23,99.75,76,99.69,303,99.66,88,99.65,45,99.8,29,99.85,29,99.87,83,99.89,17,99.9,174,0.23414071510957324,2026-04-16 06:36:05.784801
99.77,99.88,99.82499999999999,0.10999999999999943,99.77,23,99.75,76,99.69,303,99.66,88,99.65,45,99.88,131,99.9,104,99.91,176,99.92,88,99.93,26,0.009433962264150943,2026-04-16 06:36:06.287508
99.79,99.88,99.83500000000001,0.0899999999999892,99.79,52,99.77,23,99.75,76,99.69,303,99.66,88,99.88,131,99.91,176,99.92,88,99.93,26,99.94,77,0.04230769230769231,2026-04-16 06:36:06.793854
99.79,99.88,99.83500000000001,0.0899999999999892,99.79,52,99.77,23,99.75,76,99.69,303,99.66,88,99.88,131,99.91,176,99.92,88,99.93,26,99.94,77,0.04230769230769231,2026-04-16 06:36:07.300028
99.79,99.88,99.83500000000001,0.0899999999999892,99.79,52,99.77,23,99.75,76,99.69,303,99.66,88,99.88,131,99.91,176,99.92,88,99.93,26,99.94,77,0.04230769230769231,2026-04-16 06:36:07.805173
99.79,99.88,99.83500000000001,0.0899999999999892,99.79,52,99.77,23,99.75,76,99.69,303,99.66,88,99.88,131,99.91,176,99.92,88,99.93,26,99.94,77,0.04230769230769231,2026-04-16 06:36:08.310854
99.79,99.88,99.83500000000001,0.0899999999999892,99.79,52,99.77,23,99.75,76,99.69,303,99.66,88,99.88,131,99.91,176,99.92,88,99.93,26,99.94,77,0.04230769230769231,2026-04-16 06:36:08.813385
99.79,99.88,99.83500000000001,0.0899999999999892,99.79,52,99.77,23,99.75,76,99.69,303,99.66,88,99.88,131,99.91,176,99.92,88,99.93,26,99.94,77,0.04230769230769231,2026-04-16 06:36:09.318769
99.79,99.88,99.83500000000001,0.0899999999999892,99.79,52,99.77,61,99.75,76,99.69,303,99.66,88,99.88,131,99.91,176,99.92,88,99.93,26,99.94,77,0.07606679035250463,2026-04-16 06:36:09.820935
99.81,99.88,99.845,0.06999999999999318,99.81,12,99.79,52,99.77,61,99.75,76,99.69,303,99.88,131,99.9,58,99.91,176,99.92,88,99.93,26,0.0254323499491353,2026-04-16 06:36:10.322992
99.81,99.88,99.845,0.06999999999999318,99.81,12,99.79,52,99.77,61,99.75,76,99.69,303,99.88,131,99.9,58,99.91,176,99.92,88,99.93,26,0.0254323499491353,2026-04-16 06:36:10.826045
99.81,99.88,99.845,0.06999999999999318,99.81,12,99.79,52,99.77,61,99.75,76,99.69,303,99.88,131,99.9,58,99.91,176,99.92,88,99.93,26,0.0254323499491353,2026-04-16 06:36:11.332342
99.81,99.88,99.845,0.06999999999999318,99.81,12,99.79,52,99.77,61,99.75,76,99.69,303,99.88,131,99.9,58,99.91,176,99.92,88,99.93,26,0.0254323499491353,2026-04-16 06:36:11.838595
99.81,99.88,99.845,0.06999999999999318,99.81,12,99.79,52,99.77,61,99.75,76,99.69,303,99.88,131,99.9,58,99.91,176,99.92,88,99.93,26,0.0254323499491353,2026-04-16 06:36:12.344792
99.81,99.88,99.845,0.06999999999999318,99.81,12,99.79,52,99.77,61,99.75,76,99.69,303,99.88,131,99.9,58,99.91,176,99.92,88,99.93,26,0.0254323499491353,2026-04-16 06:36:12.850933
99.81,99.88,99.845,0.06999999999999318,99.81,12,99.79,52,99.77,61,99.75,76,99.69,303,99.88,131,99.9,58,99.91,176,99.92,88,99.93,26,0.0254323499491353,2026-04-16 06:36:13.353296
99.83,99.88,99.85499999999999,0.04999999999999716,99.83,42,99.79,52,99.77,61,99.75,76,99.69,303,99.88,131,99.9,58,99.91,176,99.92,88,99.93,26,0.054294175715695954,2026-04-16 06:36:13.858202
99.83,99.88,99.85499999999999,0.04999999999999716,99.83,42,99.79,52,99.78,99,99.77,61,99.75,76,99.88,131,99.9,58,99.91,176,99.92,88,99.93,26,-0.1841779975278121,2026-04-16 06:36:14.365525
99.83,99.88,99.85499999999999,0.04999999999999716,99.83,42,99.79,52,99.78,99,99.77,61,99.75,76,99.88,131,99.9,58,99.91,176,99.92,88,99.93,26,-0.1841779975278121,2026-04-16 06:36:14.870987
99.83,99.88,99.85499999999999,0.04999999999999716,99.83,27,99.79,52,99.78,99,99.77,61,99.75,76,99.88,131,99.9,58,99.91,176,99.92,88,99.93,26,-0.20654911838790932,2026-04-16 06:36:15.374428
99.83,99.88,99.85499999999999,0.04999999999999716,99.83,27,99.79,52,99.78,99,99.77,61,99.75,76,99.88,131,99.9,58,99.91,176,99.92,88,99.93,26,-0.20654911838790932,2026-04-16 06:36:15.879855
99.83,99.88,99.85499999999999,0.04999999999999716,99.83,27,99.79,52,99.78,99,99.77,61,99.75,76,99.88,131,99.9,58,99.91,176,99.92,88,99.93,26,-0.20654911838790932,2026-04-16 06:36:16.385974
99.83,99.88,99.85499999999999,0.04999999999999716,99.83,27,99.79,52,99.78,99,99.77,61,99.75,76,99.88,131,99.9,58,99.91,176,99.92,88,99.93,26,-0.20654911838790932,2026-04-16 06:36:16.892286
99.83,99.88,99.85499999999999,0.04999999999999716,99.83,27,99.79,52,99.78,99,99.77,61,99.75,76,99.88,131,99.9,58,99.91,176,99.92,88,99.93,26,-0.20654911838790932,2026-04-16 06:36:17.394674
99.83,99.88,99.85499999999999,0.04999999999999716,99.83,27,99.79,52,99.78,99,99.77,61,99.75,76,99.88,131,99.9,58,99.91,176,99.92,88,99.93,26,-0.20654911838790932,2026-04-16 06:36:17.900735
99.83,99.88,99.85499999999999,0.04999999999999716,99.83,27,99.79,52,99.78,99,99.77,61,99.75,76,99.88,131,99.9,58,99.91,176,99.92,88,99.93,26,-0.20654911838790932,2026-04-16 06:36:18.406883
99.83,99.88,99.85499999999999,0.04999999999999716,99.83,27,99.79,52,99.78,99,99.77,61,99.75,76,99.88,131,99.9,58,99.91,176,99.92,88,99.93,42,-0.2222222222222222,2026-04-16 06:36:18.909409
99.83,99.88,99.85499999999999,0.04999999999999716,99.83,27,99.79,52,99.78,99,99.77,61,99.75,76,99.88,68,99.9,58,99.91,176,99.92,88,99.93,42,-0.1566265060240964,2026-04-16 06:36:19.415094
99.78,99.88,99.83,0.09999999999999432,99.78,32,99.77,61,99.75,76,99.74,43,99.69,303,99.88,68,99.9,58,99.91,176,99.92,88,99.93,42,0.08764519535374868,2026-04-16 06:36:19.918523
99.78,99.85,99.815,0.06999999999999318,99.78,32,99.77,61,99.75,76,99.74,43,99.69,303,99.85,9,99.88,68,99.9,58,99.91,176,99.92,88,0.12691466083150985,2026-04-16 06:36:20.423088
99.78,99.85,99.815,0.06999999999999318,99.78,32,99.77,61,99.75,76,99.74,43,99.69,303,99.85,9,99.88,68,99.9,58,99.91,176,99.92,88,0.12691466083150985,2026-04-16 06:36:20.927379
99.78,99.85,99.815,0.06999999999999318,99.78,32,99.77,61,99.75,76,99.74,43,99.69,303,99.85,9,99.88,68,99.9,58,99.91,176,99.92,88,0.12691466083150985,2026-04-16 06:36:21.432029
99.78,99.85,99.815,0.06999999999999318,99.78,32,99.77,61,99.75,76,99.74,43,99.69,303,99.85,9,99.88,68,99.9,58,99.91,176,99.92,88,0.12691466083150985,2026-04-16 06:36:21.936690
99.82,99.85,99.835,0.030000000000001137,99.82,43,99.78,32,99.77,23,99.75,76,99.74,43,99.85,9,99.88,68,99.9,58,99.91,176,99.92,88,-0.29545454545454547,2026-04-16 06:36:22.442760
99.82,99.88,99.85,0.060000000000002274,99.82,43,99.78,32,99.77,23,99.75,76,99.74,43,99.88,51,99.9,58,99.91,176,99.92,265,99.93,42,-0.4635352286773795,2026-04-16 06:36:22.946822
99.82,99.88,99.85,0.060000000000002274,99.82,43,99.78,32,99.77,23,99.75,76,99.74,43,99.88,51,99.9,58,99.91,176,99.92,265,99.93,42,-0.4635352286773795,2026-04-16 06:36:23.452693
99.82,99.88,99.85,0.060000000000002274,99.82,43,99.78,32,99.77,23,99.75,76,99.74,43,99.88,51,99.9,58,99.91,176,99.92,265,99.93,42,-0.4635352286773795,2026-04-16 06:36:23.958876
99.82,99.88,99.85,0.060000000000002274,99.82,43,99.78,32,99.77,23,99.75,76,99.74,43,99.88,51,99.9,58,99.91,176,99.92,265,99.93,42,-0.4635352286773795,2026-04-16 06:36:24.464960
99.82,99.86,99.84,0.04000000000000625,99.82,43,99.78,32,99.77,23,99.75,76,99.74,43,99.86,9,99.88,51,99.9,58,99.91,176,99.92,265,-0.44072164948453607,2026-04-16 06:36:24.968783
99.82,99.86,99.84,0.04000000000000625,99.82,43,99.78,32,99.77,23,99.75,76,99.74,43,99.86,9,99.88,51,99.9,58,99.91,176,99.92,265,-0.44072164948453607,2026-04-16 06:36:25.474902
99.82,99.86,99.84,0.04000000000000625,99.82,43,99.78,32,99.77,23,99.75,76,99.74,43,99.86,9,99.88,51,99.9,58,99.91,176,99.92,265,-0.44072164948453607,2026-04-16 06:36:25.980999
99.82,99.86,99.84,0.04000000000000625,99.82,43,99.78,32,99.77,23,99.75,76,99.74,43,99.86,9,99.88,51,99.9,58,99.91,176,99.92,265,-0.44072164948453607,2026-04-16 06:36:26.487077
99.82,99.86,99.84,0.04000000000000625,99.82,43,99.78,32,99.77,23,99.75,76,99.74,43,99.86,9,99.88,51,99.9,58,99.91,176,99.92,265,-0.44072164948453607,2026-04-16 06:36:26.993319
99.82,99.86,99.84,0.04000000000000625,99.82,43,99.78,32,99.77,23,99.75,76,99.74,43,99.86,9,99.88,51,99.9,58,99.91,176,99.92,265,-0.44072164948453607,2026-04-16 06:36:27.499509
99.82,99.86,99.84,0.04000000000000625,99.82,43,99.78,32,99.77,23,99.75,76,99.74,43,99.86,9,99.88,51,99.9,58,99.91,176,99.92,265,-0.44072164948453607,2026-04-16 06:36:28.000825
99.82,99.88,99.85,0.060000000000002274,99.82,43,99.78,32,99.77,23,99.75,76,99.74,43,99.88,51,99.9,58,99.91,176,99.92,265,99.93,42,-0.4635352286773795,2026-04-16 06:36:28.506896
99.82,99.88,99.85,0.060000000000002274,99.82,43,99.78,32,99.77,23,99.75,76,99.74,43,99.88,51,99.9,58,99.91,176,99.92,265,99.93,42,-0.4635352286773795,2026-04-16 06:36:29.010794
99.82,99.88,99.85,0.060000000000002274,99.82,43,99.78,32,99.77,23,99.74,43,99.69,303,99.88,51,99.9,58,99.91,176,99.92,265,99.93,42,-0.14285714285714285,2026-04-16 06:36:29.516881
99.85,99.88,99.865,0.030000000000001137,99.85,9,99.82,43,99.78,32,99.77,23,99.74,43,99.88,51,99.9,58,99.91,176,99.92,265,99.93,42,-0.5956873315363881,2026-04-16 06:36:30.023050
99.85,99.88,99.865,0.030000000000001137,99.85,9,99.82,43,99.78,32,99.77,23,99.74,43,99.88,51,99.9,58,99.91,176,99.92,265,99.93,42,-0.5956873315363881,2026-04-16 06:36:30.526631
99.85,99.88,99.865,0.030000000000001137,99.85,9,99.82,43,99.78,32,99.77,23,99.74,43,99.88,51,99.9,58,99.91,176,99.92,265,99.93,42,-0.5956873315363881,2026-04-16 06:36:31.032176
99.85,99.88,99.865,0.030000000000001137,99.85,9,99.82,43,99.78,32,99.77,23,99.74,43,99.88,51,99.9,58,99.91,176,99.92,265,99.93,42,-0.5956873315363881,2026-04-16 06:36:31.538359
99.85,99.88,99.865,0.030000000000001137,99.85,9,99.82,43,99.78,32,99.77,23,99.74,43,99.88,51,99.9,58,99.91,176,99.92,265,99.93,42,-0.5956873315363881,2026-04-16 06:36:32.042583
99.85,99.88,99.865,0.030000000000001137,99.85,9,99.78,32,99.77,23,99.74,43,99.69,303,99.88,51,99.9,58,99.91,176,99.92,265,99.93,42,-0.18163672654690619,2026-04-16 06:36:32.546743
99.85,99.88,99.865,0.030000000000001137,99.85,9,99.78,32,99.77,23,99.74,43,99.69,303,99.88,51,99.9,58,99.91,176,99.92,265,99.93,42,-0.18163672654690619,2026-04-16 06:36:33.047437
99.78,99.85,99.815,0.06999999999999318,99.78,32,99.74,43,99.69,303,99.66,88,99.62,43,99.85,96,99.88,51,99.9,58,99.91,176,99.92,265,-0.11861471861471862,2026-04-16 06:36:33.553102
99.78,99.85,99.815,0.06999999999999318,99.78,32,99.74,43,99.69,303,99.66,88,99.62,43,99.85,96,99.88,51,99.9,58,99.91,176,99.92,265,-0.11861471861471862,2026-04-16 06:36:34.059184
99.78,99.85,99.815,0.06999999999999318,99.78,32,99.74,43,99.69,303,99.66,88,99.62,43,99.85,96,99.88,51,99.9,58,99.91,176,99.92,265,-0.11861471861471862,2026-04-16 06:36:34.565361
99.78,99.82,99.8,0.03999999999999204,99.78,32,99.74,43,99.69,303,99.66,88,99.62,43,99.82,9,99.85,96,99.88,193,99.9,58,99.91,176,-0.022094140249759846,2026-04-16 06:36:35.071605
99.8,99.82,99.81,0.01999999999999602,99.8,34,99.78,32,99.69,303,99.66,88,99.62,43,99.82,9,99.85,96,99.88,193,99.9,58,99.91,176,-0.031007751937984496,2026-04-16 06:36:35.576830
99.8,99.85,99.82499999999999,0.04999999999999716,99.8,34,99.78,32,99.69,303,99.66,88,99.62,43,99.85,21,99.88,286,99.9,58,99.91,176,99.92,265,-0.2343032159264931,2026-04-16 06:36:36.082955
99.8,99.82,99.81,0.01999999999999602,99.8,34,99.78,32,99.69,303,99.66,88,99.62,43,99.82,113,99.85,21,99.88,286,99.9,58,99.91,176,-0.13344887348353554,2026-04-16 06:36:36.589135
99.8,99.82,99.81,0.01999999999999602,99.8,34,99.78,32,99.69,303,99.66,88,99.62,43,99.82,113,99.85,21,99.88,286,99.9,58,99.91,176,-0.13344887348353554,2026-04-16 06:36:37.090574
99.8,99.82,99.81,0.01999999999999602,99.8,34,99.78,32,99.69,303,99.66,88,99.62,43,99.82,113,99.85,21,99.88,286,99.9,58,99.91,79,-0.05392620624408704,2026-04-16 06:36:37.593866
99.8,99.82,99.81,0.01999999999999602,99.8,34,99.78,32,99.69,207,99.66,88,99.62,43,99.82,113,99.85,21,99.88,286,99.9,58,99.91,79,-0.15920915712799166,2026-04-16 06:36:38.094697
99.81,99.82,99.815,0.009999999999990905,99.81,52,99.8,34,99.78,32,99.69,207,99.66,88,99.82,113,99.85,21,99.88,286,99.9,58,99.91,79,-0.14845360824742268,2026-04-16 06:36:38.600578
99.81,99.82,99.815,0.009999999999990905,99.81,52,99.8,34,99.78,32,99.69,207,99.66,88,99.82,176,99.85,21,99.88,286,99.9,58,99.91,79,-0.20038722168441434,2026-04-16 06:36:39.106580
99.81,99.82,99.815,0.009999999999990905,99.81,52,99.8,34,99.78,32,99.69,207,99.66,88,99.82,176,99.85,21,99.88,286,99.9,58,99.91,79,-0.20038722168441434,2026-04-16 06:36:39.612778
99.81,99.82,99.815,0.009999999999990905,99.81,52,99.8,34,99.78,32,99.69,207,99.66,88,99.82,172,99.85,21,99.88,286,99.9,58,99.91,79,-0.19727891156462585,2026-04-16 06:36:40.118835
99.81,99.82,99.815,0.009999999999990905,99.81,52,99.8,34,99.78,32,99.69,207,99.66,88,99.82,172,99.85,21,99.88,286,99.9,58,99.91,79,-0.19727891156462585,2026-04-16 06:36:40.624940
99.81,99.82,99.815,0.009999999999990905,99.81,52,99.8,34,99.78,32,99.76,82,99.69,207,99.82,172,99.85,21,99.88,286,99.9,58,99.91,79,-0.20430107526881722,2026-04-16 06:36:41.130161
99.81,99.82,99.815,0.009999999999990905,99.81,52,99.8,34,99.78,32,99.76,82,99.69,207,99.82,172,99.85,21,99.88,286,99.9,58,99.91,79,-0.20430107526881722,2026-04-16 06:36:41.636355
99.81,99.82,99.815,0.009999999999990905,99.81,52,99.8,34,99.78,32,99.76,82,99.69,207,99.82,172,99.85,21,99.88,286,99.9,58,99.91,79,-0.20430107526881722,2026-04-16 06:36:42.138755
99.81,99.82,99.815,0.009999999999990905,99.81,52,99.8,34,99.78,32,99.76,82,99.69,207,99.82,172,99.85,21,99.88,286,99.9,58,99.91,79,-0.20430107526881722,2026-04-16 06:36:42.644872
99.81,99.82,99.815,0.009999999999990905,99.81,52,99.8,34,99.78,32,99.76,82,99.69,207,99.82,172,99.85,21,99.88,286,99.9,58,99.91,79,-0.20430107526881722,2026-04-16 06:36:43.147972
99.81,99.82,99.815,0.009999999999990905,99.81,52,99.8,34,99.78,32,99.76,82,99.69,207,99.82,172,99.85,21,99.88,286,99.9,58,99.91,79,-0.20430107526881722,2026-04-16 06:36:43.649749
99.81,99.82,99.815,0.009999999999990905,99.81,52,99.78,32,99.76,82,99.69,207,99.66,88,99.82,172,99.85,21,99.88,286,99.9,58,99.91,79,-0.14391829155060354,2026-04-16 06:36:44.151865
99.81,99.82,99.815,0.009999999999990905,99.81,52,99.78,32,99.76,82,99.69,207,99.66,88,99.82,135,99.85,21,99.88,286,99.9,58,99.91,79,-0.11346153846153846,2026-04-16 06:36:44.655872
99.81,99.82,99.815,0.009999999999990905,99.81,52,99.78,32,99.76,82,99.69,207,99.66,88,99.82,98,99.85,21,99.88,286,99.9,58,99.91,79,-0.08075772681954138,2026-04-16 06:36:45.159356
99.81,99.82,99.815,0.009999999999990905,99.81,52,99.78,32,99.76,82,99.69,207,99.66,88,99.82,11,99.85,21,99.88,286,99.9,58,99.91,79,0.006550218340611353,2026-04-16 06:36:45.661128
99.81,99.82,99.815,0.009999999999990905,99.81,52,99.78,32,99.76,82,99.69,207,99.66,88,99.82,11,99.85,21,99.88,286,99.9,58,99.91,79,0.006550218340611353,2026-04-16 06:36:46.166898
99.81,99.82,99.815,0.009999999999990905,99.81,52,99.78,32,99.76,82,99.69,207,99.66,88,99.82,11,99.85,21,99.88,286,99.9,58,99.91,79,0.006550218340611353,2026-04-16 06:36:46.669017
99.81,99.82,99.815,0.009999999999990905,99.81,52,99.78,32,99.76,82,99.69,207,99.66,88,99.82,11,99.85,21,99.88,286,99.9,58,99.91,29,0.06466512702078522,2026-04-16 06:36:47.175026
99.81,99.82,99.815,0.009999999999990905,99.81,52,99.78,32,99.76,82,99.69,204,99.66,88,99.82,11,99.85,21,99.88,286,99.9,58,99.91,29,0.06141367323290846,2026-04-16 06:36:47.677497
99.78,99.82,99.8,0.03999999999999204,99.78,32,99.76,82,99.69,204,99.66,88,99.62,43,99.82,2,99.85,21,99.88,286,99.9,58,99.91,29,0.06272189349112427,2026-04-16 06:36:48.183028
99.78,99.82,99.8,0.03999999999999204,99.78,32,99.76,82,99.69,204,99.66,88,99.62,43,99.82,2,99.85,21,99.88,286,99.9,58,99.91,29,0.06272189349112427,2026-04-16 06:36:48.684775
99.87,99.88,99.875,0.009999999999990905,99.87,121,99.85,10,99.78,32,99.76,82,99.69,204,99.88,286,99.9,58,99.91,29,99.92,88,99.93,42,-0.05672268907563025,2026-04-16 06:36:49.190467
99.87,99.88,99.875,0.009999999999990905,99.87,121,99.85,10,99.78,32,99.76,82,99.69,204,99.88,286,99.9,58,99.91,29,99.92,88,99.93,42,-0.05672268907563025,2026-04-16 06:36:49.696488
99.87,99.88,99.875,0.009999999999990905,99.87,121,99.85,10,99.78,32,99.76,82,99.75,37,99.88,279,99.9,58,99.91,29,99.92,88,99.93,42,-0.2750642673521851,2026-04-16 06:36:50.202603
99.87,99.88,99.875,0.009999999999990905,99.87,121,99.85,10,99.78,32,99.76,82,99.75,37,99.88,279,99.9,58,99.91,29,99.92,88,99.93,42,-0.2750642673521851,2026-04-16 06:36:50.706589
99.87,99.88,99.875,0.009999999999990905,99.87,121,99.85,10,99.78,32,99.76,82,99.75,37,99.88,279,99.9,58,99.91,29,99.92,88,99.93,42,-0.2750642673521851,2026-04-16 06:36:51.211727
99.87,99.88,99.875,0.009999999999990905,99.87,121,99.85,10,99.78,32,99.76,82,99.75,37,99.88,279,99.89,67,99.9,58,99.91,29,99.92,88,-0.29763387297633875,2026-04-16 06:36:51.716962
99.87,99.88,99.875,0.009999999999990905,99.87,121,99.85,10,99.78,32,99.76,82,99.75,37,99.88,279,99.89,67,99.9,58,99.91,29,99.92,88,-0.29763387297633875,2026-04-16 06:36:52.219706
99.87,99.88,99.875,0.009999999999990905,99.87,121,99.85,10,99.78,32,99.76,82,99.75,37,99.88,279,99.89,67,99.9,58,99.91,29,99.92,88,-0.29763387297633875,2026-04-16 06:36:52.722577
99.87,99.88,99.875,0.009999999999990905,99.87,121,99.85,10,99.78,32,99.76,82,99.75,37,99.88,279,99.89,67,99.9,58,99.91,29,99.92,88,-0.29763387297633875,2026-04-16 06:36:53.228229
99.87,99.88,99.875,0.009999999999990905,99.87,121,99.85,10,99.78,32,99.76,82,99.75,37,99.88,279,99.89,67,99.9,58,99.91,29,99.92,88,-0.29763387297633875,2026-04-16 06:36:53.728904
99.87,99.88,99.875,0.009999999999990905,99.87,121,99.85,10,99.78,32,99.76,82,99.75,37,99.88,279,99.89,67,99.9,58,99.91,29,99.92,88,-0.29763387297633875,2026-04-16 06:36:54.230605
99.87,99.88,99.875,0.009999999999990905,99.87,121,99.85,10,99.78,32,99.76,82,99.75,37,99.88,235,99.89,67,99.9,58,99.91,29,99.92,88,-0.25691699604743085,2026-04-16 06:36:54.736614
99.87,99.88,99.875,0.009999999999990905,99.87,82,99.85,10,99.78,32,99.76,82,99.75,37,99.88,166,99.89,67,99.9,58,99.91,29,99.92,88,-0.2534562211981567,2026-04-16 06:36:55.239681
99.87,99.88,99.875,0.009999999999990905,99.87,82,99.85,10,99.78,32,99.76,82,99.75,37,99.88,166,99.89,67,99.9,58,99.91,29,99.92,88,-0.2534562211981567,2026-04-16 06:36:55.745873
99.87,99.88,99.875,0.009999999999990905,99.87,82,99.85,10,99.78,32,99.76,82,99.75,37,99.88,166,99.89,67,99.9,58,99.91,29,99.92,88,-0.2534562211981567,2026-04-16 06:36:56.251907
99.87,99.88,99.875,0.009999999999990905,99.87,82,99.85,10,99.78,32,99.76,82,99.75,37,99.88,166,99.89,67,99.9,58,99.91,29,99.92,88,-0.2534562211981567,2026-04-16 06:36:56.757991
99.87,99.88,99.875,0.009999999999990905,99.87,82,99.85,10,99.78,32,99.76,82,99.75,37,99.88,166,99.89,67,99.9,58,99.91,29,99.92,88,-0.2534562211981567,2026-04-16 06:36:57.261325
99.87,99.88,99.875,0.009999999999990905,99.87,82,99.85,10,99.78,32,99.76,82,99.75,37,99.88,166,99.89,67,99.9,58,99.91,29,99.92,88,-0.2534562211981567,2026-04-16 06:36:57.762915
99.87,99.88,99.875,0.009999999999990905,99.87,82,99.85,10,99.78,32,99.76,82,99.75,37,99.88,166,99.89,67,99.9,58,99.91,29,99.92,88,-0.2534562211981567,2026-04-16 06:36:58.268622
99.87,99.88,99.875,0.009999999999990905,99.87,82,99.85,10,99.78,32,99.76,82,99.75,37,99.88,166,99.89,67,99.9,58,99.91,29,99.92,88,-0.2534562211981567,2026-04-16 06:36:58.774524
99.87,99.88,99.875,0.009999999999990905,99.87,82,99.85,10,99.78,32,99.76,82,99.75,37,99.88,166,99.89,67,99.9,58,99.91,29,99.92,88,-0.2534562211981567,2026-04-16 06:36:59.275357
99.87,99.88,99.875,0.009999999999990905,99.87,82,99.85,10,99.8,41,99.78,32,99.76,82,99.88,166,99.89,67,99.9,58,99.91,29,99.92,88,-0.24580152671755726,2026-04-16 06:36:59.781256
99.87,99.88,99.875,0.009999999999990905,99.87,140,99.85,10,99.8,41,99.78,32,99.76,82,99.88,166,99.89,67,99.9,58,99.91,29,99.92,88,-0.14446002805049088,2026-04-16 06:37:00.287328
99.87,99.88,99.875,0.009999999999990905,99.87,140,99.85,10,99.8,41,99.78,32,99.76,82,99.88,166,99.89,67,99.91,29,99.92,88,99.93,42,-0.12482065997130559,2026-04-16 06:37:00.793322
99.87,99.88,99.875,0.009999999999990905,99.87,140,99.85,10,99.83,143,99.8,41,99.78,32,99.88,166,99.89,67,99.91,29,99.92,88,99.93,42,-0.03430079155672823,2026-04-16 06:37:01.299538
99.87,99.88,99.875,0.009999999999990905,99.87,140,99.85,10,99.83,192,99.8,41,99.79,64,99.88,166,99.89,67,99.91,29,99.92,88,99.93,42,0.06555423122765197,2026-04-16 06:37:01.802921
99.87,99.88,99.875,0.009999999999990905,99.87,132,99.85,10,99.83,192,99.8,41,99.79,64,99.88,166,99.89,67,99.91,29,99.92,88,99.93,42,0.056558363417569195,2026-04-16 06:37:02.308747
99.87,99.88,99.875,0.009999999999990905,99.87,132,99.85,10,99.83,192,99.8,41,99.79,64,99.88,166,99.89,67,99.91,29,99.92,88,99.93,42,0.056558363417569195,2026-04-16 06:37:02.811885
99.87,99.88,99.875,0.009999999999990905,99.87,132,99.85,10,99.83,192,99.8,41,99.79,64,99.88,166,99.89,67,99.91,29,99.92,88,99.93,139,-0.05387931034482758,2026-04-16 06:37:03.317593
99.87,99.88,99.875,0.009999999999990905,99.87,132,99.85,10,99.83,192,99.8,41,99.79,64,99.88,166,99.89,67,99.91,29,99.92,88,99.93,139,-0.05387931034482758,2026-04-16 06:37:03.819175
99.87,99.88,99.875,0.009999999999990905,99.87,132,99.85,10,99.83,192,99.8,41,99.79,64,99.88,107,99.89,67,99.91,29,99.92,88,99.93,139,0.010356731875719217,2026-04-16 06:37:04.324755
99.87,99.88,99.875,0.009999999999990905,99.87,132,99.85,10,99.83,192,99.8,41,99.79,64,99.88,107,99.89,67,99.91,29,99.92,88,99.93,139,0.010356731875719217,2026-04-16 06:37:04.830619
99.87,99.88,99.875,0.009999999999990905,99.87,18,99.85,10,99.83,192,99.8,41,99.79,64,99.88,107,99.89,67,99.91,29,99.92,88,99.93,139,-0.1390728476821192,2026-04-16 06:37:05.335874
99.87,99.88,99.875,0.009999999999990905,99.87,18,99.85,10,99.83,192,99.8,41,99.79,64,99.88,107,99.91,29,99.92,88,99.93,139,99.94,77,-0.1503267973856209,2026-04-16 06:37:05.841848
99.87,99.88,99.875,0.009999999999990905,99.87,18,99.85,10,99.83,192,99.8,41,99.79,64,99.88,107,99.91,29,99.92,88,99.93,139,99.94,77,-0.1503267973856209,2026-04-16 06:37:06.347651
99.87,99.88,99.875,0.009999999999990905,99.87,18,99.85,10,99.83,192,99.8,41,99.79,64,99.88,172,99.91,29,99.92,88,99.93,139,99.94,77,-0.21686746987951808,2026-04-16 06:37:06.851655
99.87,99.88,99.875,0.009999999999990905,99.87,18,99.85,10,99.83,192,99.8,41,99.79,64,99.88,172,99.91,29,99.92,88,99.93,139,99.94,77,-0.21686746987951808,2026-04-16 06:37:07.357829
99.87,99.88,99.875,0.009999999999990905,99.87,18,99.85,10,99.83,192,99.8,41,99.79,64,99.88,172,99.91,29,99.92,88,99.93,139,99.94,77,-0.21686746987951808,2026-04-16 06:37:07.860028
99.87,99.88,99.875,0.009999999999990905,99.87,86,99.85,10,99.83,192,99.8,41,99.79,64,99.88,172,99.91,29,99.92,88,99.93,139,99.94,77,-0.12472160356347439,2026-04-16 06:37:08.365758
99.87,99.88,99.875,0.009999999999990905,99.87,86,99.85,10,99.83,192,99.8,41,99.79,64,99.88,172,99.91,29,99.92,88,99.93,139,99.94,77,-0.12472160356347439,2026-04-16 06:37:08.869200
99.87,99.88,99.875,0.009999999999990905,99.87,86,99.85,10,99.83,192,99.8,41,99.79,64,99.88,172,99.91,29,99.92,88,99.93,139,99.94,77,-0.12472160356347439,2026-04-16 06:37:09.373610
99.87,99.88,99.875,0.009999999999990905,99.87,86,99.85,10,99.83,192,99.8,41,99.79,64,99.88,172,99.91,29,99.92,88,99.93,139,99.94,77,-0.12472160356347439,2026-04-16 06:37:09.874716
99.87,99.88,99.875,0.009999999999990905,99.87,86,99.85,10,99.83,192,99.8,41,99.79,64,99.88,152,99.91,29,99.92,88,99.93,139,99.94,77,-0.10478359908883828,2026-04-16 06:37:10.378101
99.87,99.88,99.875,0.009999999999990905,99.87,86,99.85,10,99.83,192,99.8,41,99.79,64,99.88,70,99.91,29,99.92,88,99.93,139,99.94,77,-0.01256281407035176,2026-04-16 06:37:10.880166
99.87,99.88,99.875,0.009999999999990905,99.87,86,99.85,10,99.83,192,99.8,41,99.79,64,99.88,70,99.91,29,99.92,88,99.93,139,99.94,77,-0.01256281407035176,2026-04-16 06:37:11.382007
99.87,99.88,99.875,0.009999999999990905,99.87,86,99.85,10,99.83,192,99.8,41,99.79,64,99.88,70,99.91,29,99.92,88,99.93,139,99.94,77,-0.01256281407035176,2026-04-16 06:37:11.887367
99.87,99.88,99.875,0.009999999999990905,99.87,86,99.85,10,99.83,192,99.8,41,99.79,64,99.88,70,99.91,29,99.92,88,99.93,139,99.94,77,-0.01256281407035176,2026-04-16 06:37:12.391922
99.87,99.88,99.875,0.009999999999990905,99.87,86,99.85,10,99.83,192,99.8,41,99.79,64,99.88,70,99.91,29,99.92,88,99.93,139,99.94,77,-0.01256281407035176,2026-04-16 06:37:12.898036
99.87,99.88,99.875,0.009999999999990905,99.87,86,99.85,10,99.83,192,99.8,41,99.79,64,99.88,70,99.91,29,99.92,88,99.93,139,99.94,77,-0.01256281407035176,2026-04-16 06:37:13.404096
99.87,99.88,99.875,0.009999999999990905,99.87,86,99.85,10,99.83,192,99.8,41,99.79,64,99.88,70,99.91,29,99.92,88,99.93,139,99.94,77,-0.01256281407035176,2026-04-16 06:37:13.906888
99.87,99.88,99.875,0.009999999999990905,99.87,86,99.85,10,99.83,192,99.8,41,99.79,64,99.88,70,99.91,29,99.92,88,99.93,139,99.94,77,-0.01256281407035176,2026-04-16 06:37:14.412585
99.87,99.88,99.875,0.009999999999990905,99.87,86,99.85,10,99.83,192,99.8,41,99.79,64,99.88,70,99.91,29,99.92,88,99.93,139,99.94,77,-0.01256281407035176,2026-04-16 06:37:14.916963
99.87,99.88,99.875,0.009999999999990905,99.87,85,99.85,10,99.83,192,99.8,41,99.79,64,99.88,70,99.91,29,99.92,88,99.93,139,99.94,77,-0.013836477987421384,2026-04-16 06:37:15.423061
99.87,99.88,99.875,0.009999999999990905,99.87,85,99.85,10,99.83,143,99.8,41,99.79,64,99.88,70,99.91,29,99.92,88,99.93,139,99.94,77,-0.08042895442359249,2026-04-16 06:37:15.929186
99.87,99.88,99.875,0.009999999999990905,99.87,85,99.85,10,99.83,143,99.8,41,99.79,64,99.88,70,99.91,29,99.92,88,99.93,139,99.94,77,-0.08042895442359249,2026-04-16 06:37:16.435165
99.87,99.88,99.875,0.009999999999990905,99.87,127,99.85,10,99.83,143,99.8,41,99.79,64,99.88,70,99.91,29,99.92,88,99.93,139,99.94,77,-0.02284263959390863,2026-04-16 06:37:16.936130
99.87,99.88,99.875,0.009999999999990905,99.87,127,99.85,10,99.83,143,99.8,41,99.79,64,99.88,70,99.91,103,99.92,88,99.93,139,99.94,77,-0.10672853828306264,2026-04-16 06:37:17.438012
99.87,99.88,99.875,0.009999999999990905,99.87,127,99.85,10,99.83,143,99.8,41,99.79,64,99.88,70,99.91,103,99.92,88,99.93,139,99.94,77,-0.10672853828306264,2026-04-16 06:37:17.943838
99.87,99.88,99.875,0.009999999999990905,99.87,127,99.85,10,99.84,96,99.83,143,99.8,41,99.88,70,99.91,103,99.92,88,99.93,139,99.94,77,-0.06711409395973154,2026-04-16 06:37:18.447159
99.87,99.88,99.875,0.009999999999990905,99.87,127,99.85,10,99.84,96,99.83,143,99.8,41,99.88,70,99.91,103,99.92,88,99.93,139,99.94,77,-0.06711409395973154,2026-04-16 06:37:18.952569
99.87,99.88,99.875,0.009999999999990905,99.87,127,99.85,10,99.84,96,99.83,143,99.8,41,99.88,70,99.91,103,99.92,88,99.93,139,99.94,77,-0.06711409395973154,2026-04-16 06:37:19.454770
99.87,99.88,99.875,0.009999999999990905,99.87,127,99.85,10,99.84,96,99.83,143,99.8,41,99.88,70,99.91,103,99.92,88,99.93,139,99.94,77,-0.06711409395973154,2026-04-16 06:37:19.960360
99.87,99.88,99.875,0.009999999999990905,99.87,116,99.85,10,99.84,96,99.83,143,99.8,41,99.88,70,99.91,103,99.92,88,99.93,139,99.94,77,-0.08040770101925254,2026-04-16 06:37:20.466444
99.87,99.88,99.875,0.009999999999990905,99.87,116,99.85,10,99.84,96,99.83,143,99.8,41,99.88,70,99.91,103,99.92,88,99.93,139,99.94,77,-0.08040770101925254,2026-04-16 06:37:20.969135
99.87,99.88,99.875,0.009999999999990905,99.87,37,99.85,10,99.84,96,99.83,143,99.8,41,99.88,70,99.91,103,99.92,88,99.93,139,99.94,77,-0.1865671641791045,2026-04-16 06:37:21.475345
99.87,99.88,99.875,0.009999999999990905,99.87,37,99.85,10,99.84,96,99.83,143,99.8,41,99.88,70,99.91,103,99.92,88,99.93,139,99.94,77,-0.1865671641791045,2026-04-16 06:37:21.981350
99.87,99.88,99.875,0.009999999999990905,99.87,37,99.85,10,99.84,96,99.83,143,99.8,41,99.88,70,99.91,103,99.92,88,99.93,139,99.94,77,-0.1865671641791045,2026-04-16 06:37:22.487391
99.87,99.88,99.875,0.009999999999990905,99.87,37,99.85,10,99.84,96,99.83,143,99.8,41,99.88,70,99.91,103,99.92,88,99.93,139,99.94,77,-0.1865671641791045,2026-04-16 06:37:22.989582
99.87,99.88,99.875,0.009999999999990905,99.87,37,99.85,10,99.84,96,99.83,143,99.8,41,99.88,65,99.91,103,99.92,88,99.93,139,99.94,77,-0.18147684605757197,2026-04-16 06:37:23.492757
99.87,99.88,99.875,0.009999999999990905,99.87,37,99.85,10,99.84,96,99.83,143,99.8,41,99.88,65,99.91,103,99.92,88,99.93,139,99.94,77,-0.18147684605757197,2026-04-16 06:37:23.998916
99.87,99.88,99.875,0.009999999999990905,99.87,37,99.85,10,99.84,96,99.83,143,99.8,41,99.88,65,99.91,103,99.92,88,99.93,139,99.94,77,-0.18147684605757197,2026-04-16 06:37:24.504954
99.87,99.88,99.875,0.009999999999990905,99.87,37,99.85,10,99.84,96,99.83,143,99.8,41,99.88,65,99.91,103,99.92,88,99.93,139,99.94,77,-0.18147684605757197,2026-04-16 06:37:25.011089
99.87,99.88,99.875,0.009999999999990905,99.87,37,99.85,10,99.84,96,99.83,143,99.8,41,99.88,65,99.91,103,99.92,88,99.93,139,99.94,77,-0.18147684605757197,2026-04-16 06:37:25.517330
99.87,99.88,99.875,0.009999999999990905,99.87,37,99.85,10,99.84,96,99.83,143,99.8,41,99.88,65,99.91,103,99.92,88,99.93,139,99.94,77,-0.18147684605757197,2026-04-16 06:37:26.018393
99.87,99.88,99.875,0.009999999999990905,99.87,37,99.85,10,99.84,96,99.83,143,99.8,41,99.88,65,99.91,103,99.92,88,99.93,139,99.94,77,-0.18147684605757197,2026-04-16 06:37:26.522893
99.87,99.88,99.875,0.009999999999990905,99.87,37,99.85,10,99.84,96,99.83,143,99.8,41,99.88,65,99.91,103,99.92,88,99.93,139,99.94,77,-0.18147684605757197,2026-04-16 06:37:27.026827
99.87,99.91,99.89,0.03999999999999204,99.87,37,99.85,10,99.84,96,99.83,143,99.8,41,99.91,88,99.92,88,99.93,139,99.94,77,99.97,90,-0.1915945611866502,2026-04-16 06:37:27.529960
99.87,99.91,99.89,0.03999999999999204,99.87,37,99.85,10,99.84,96,99.83,143,99.8,132,99.91,88,99.92,88,99.93,139,99.94,77,99.97,90,-0.07111111111111111,2026-04-16 06:37:28.035847
99.87,99.91,99.89,0.03999999999999204,99.87,37,99.85,10,99.84,96,99.83,143,99.8,132,99.91,88,99.92,88,99.93,139,99.94,77,99.97,90,-0.07111111111111111,2026-04-16 06:37:28.541371
99.87,99.91,99.89,0.03999999999999204,99.87,37,99.85,10,99.84,96,99.83,143,99.8,132,99.91,88,99.92,88,99.93,139,99.94,77,99.97,90,-0.07111111111111111,2026-04-16 06:37:29.042724
99.87,99.91,99.89,0.03999999999999204,99.87,37,99.85,10,99.84,96,99.83,143,99.8,132,99.91,88,99.92,88,99.93,139,99.94,77,99.97,90,-0.07111111111111111,2026-04-16 06:37:29.548940
99.87,99.9,99.885,0.030000000000001137,99.87,37,99.85,10,99.84,96,99.83,143,99.8,132,99.9,18,99.91,88,99.92,88,99.93,139,99.94,77,0.00966183574879227,2026-04-16 06:37:30.052477
99.87,99.9,99.885,0.030000000000001137,99.87,37,99.85,10,99.84,96,99.83,143,99.8,132,99.9,18,99.91,88,99.92,88,99.93,139,99.94,77,0.00966183574879227,2026-04-16 06:37:30.558625
99.87,99.9,99.885,0.030000000000001137,99.87,37,99.85,10,99.84,96,99.83,143,99.8,132,99.9,18,99.91,14,99.92,88,99.93,139,99.94,77,0.10875331564986737,2026-04-16 06:37:31.063942
99.87,99.9,99.885,0.030000000000001137,99.87,37,99.85,10,99.84,96,99.83,143,99.8,132,99.9,18,99.91,14,99.92,88,99.93,113,99.94,77,0.14835164835164835,2026-04-16 06:37:31.570026
99.87,99.9,99.885,0.030000000000001137,99.87,37,99.85,10,99.84,96,99.83,143,99.8,188,99.9,18,99.91,14,99.92,88,99.93,113,99.94,77,0.20918367346938777,2026-04-16 06:37:32.072152
99.87,99.9,99.885,0.030000000000001137,99.87,168,99.85,10,99.84,96,99.83,143,99.8,188,99.9,18,99.91,14,99.92,88,99.93,113,99.94,77,0.3224043715846995,2026-04-16 06:37:32.578202
99.87,99.9,99.885,0.030000000000001137,99.87,168,99.85,10,99.83,143,99.8,188,99.79,186,99.9,18,99.91,14,99.92,88,99.93,113,99.94,77,0.38308457711442784,2026-04-16 06:37:33.083949
99.87,99.91,99.89,0.03999999999999204,99.87,168,99.85,10,99.83,143,99.8,188,99.79,186,99.91,14,99.92,88,99.93,113,99.94,77,99.97,90,0.2906220984215413,2026-04-16 06:37:33.588052
99.87,99.93,99.9,0.060000000000002274,99.87,168,99.85,10,99.83,143,99.8,188,99.79,186,99.93,110,99.94,77,99.97,90,99.99,46,0.0,0,0.3654223968565815,2026-04-16 06:37:34.092064
99.87,99.93,99.9,0.060000000000002274,99.87,118,99.85,10,99.83,143,99.8,188,99.79,186,99.93,110,99.94,77,99.97,90,99.99,46,0.0,0,0.33264462809917356,2026-04-16 06:37:34.598188
99.91,99.93,99.92,0.020000000000010232,99.91,12,99.87,118,99.85,10,99.83,143,99.8,188,99.93,110,99.94,77,99.97,90,99.99,46,0.0,0,0.18639798488664988,2026-04-16 06:37:35.103430
99.91,99.93,99.92,0.020000000000010232,99.91,12,99.87,118,99.85,10,99.83,143,99.8,188,99.93,110,99.94,77,99.97,90,99.99,46,0.0,0,0.18639798488664988,2026-04-16 06:37:35.609656
99.91,99.93,99.92,0.020000000000010232,99.91,12,99.87,118,99.85,10,99.83,143,99.8,188,99.93,110,99.94,77,99.97,90,99.99,46,0.0,0,0.18639798488664988,2026-04-16 06:37:36.114787
99.91,99.93,99.92,0.020000000000010232,99.91,12,99.87,118,99.85,10,99.83,143,99.8,188,99.93,110,99.94,77,99.97,90,99.99,46,0.0,0,0.18639798488664988,2026-04-16 06:37:36.620802
99.91,99.93,99.92,0.020000000000010232,99.91,12,99.87,118,99.85,10,99.83,143,99.8,188,99.93,28,99.94,117,99.97,90,99.99,46,0.0,0,0.2526595744680851,2026-04-16 06:37:37.126964
99.91,99.93,99.92,0.020000000000010232,99.91,12,99.87,118,99.85,10,99.83,143,99.8,188,99.93,28,99.94,117,99.97,90,99.99,46,0.0,0,0.2526595744680851,2026-04-16 06:37:37.633134
99.91,99.93,99.92,0.020000000000010232,99.91,12,99.87,118,99.85,10,99.83,143,99.8,188,99.93,28,99.94,117,99.97,90,99.99,46,0.0,0,0.2526595744680851,2026-04-16 06:37:38.133818
99.87,99.93,99.9,0.060000000000002274,99.87,118,99.85,10,99.83,143,99.8,188,99.79,186,99.93,28,99.94,117,99.97,90,99.99,46,0.0,0,0.3930885529157667,2026-04-16 06:37:38.639505
99.87,99.93,99.9,0.060000000000002274,99.87,118,99.85,10,99.83,143,99.8,188,99.79,186,99.93,28,99.94,117,99.97,90,99.99,46,0.0,0,0.3930885529157667,2026-04-16 06:37:39.145584
99.87,99.93,99.9,0.060000000000002274,99.87,118,99.85,10,99.83,143,99.8,188,99.79,186,99.93,28,99.94,117,99.97,90,99.99,46,0.0,0,0.3930885529157667,2026-04-16 06:37:39.646589
99.87,99.88,99.875,0.009999999999990905,99.87,118,99.85,10,99.83,143,99.8,188,99.79,186,99.88,6,99.93,28,99.94,117,99.97,90,99.99,46,0.38412017167381973,2026-04-16 06:37:40.152161
99.87,99.88,99.875,0.009999999999990905,99.87,118,99.85,10,99.83,143,99.8,188,99.79,186,99.88,6,99.94,117,99.97,90,99.99,46,100.04,48,0.3550420168067227,2026-04-16 06:37:40.657260
99.87,99.88,99.875,0.009999999999990905,99.87,118,99.85,10,99.83,143,99.8,188,99.79,186,99.88,6,99.94,117,99.97,90,99.99,46,100.04,48,0.3550420168067227,2026-04-16 06:37:41.162148
99.87,99.94,99.905,0.06999999999999318,99.87,118,99.85,10,99.83,143,99.8,188,99.79,186,99.94,77,99.97,90,99.99,46,100.04,48,0.0,0,0.423841059602649,2026-04-16 06:37:41.668019
99.87,99.94,99.905,0.06999999999999318,99.87,118,99.85,10,99.83,143,99.8,188,99.79,186,99.94,77,99.97,90,99.99,46,100.04,48,100.05,8,0.4113785557986871,2026-04-16 06:37:42.173461
99.87,99.94,99.905,0.06999999999999318,99.87,118,99.85,10,99.83,143,99.8,188,99.79,186,99.94,77,99.97,90,99.99,46,100.04,48,100.05,8,0.4113785557986871,2026-04-16 06:37:42.676650
99.87,99.94,99.905,0.06999999999999318,99.87,118,99.85,10,99.83,143,99.8,188,99.79,186,99.94,77,99.97,90,99.99,46,100.04,48,100.05,8,0.4113785557986871,2026-04-16 06:37:43.182048
99.83,99.85,99.84,0.01999999999999602,99.83,143,99.8,188,99.79,186,99.78,32,99.77,66,99.85,15,99.94,77,99.97,90,99.99,46,100.04,48,0.38047138047138046,2026-04-16 06:37:43.687931
99.8,99.85,99.82499999999999,0.04999999999999716,99.8,188,99.79,186,99.78,32,99.77,66,99.75,46,99.85,15,99.94,77,99.97,90,99.99,46,100.04,48,0.3047858942065491,2026-04-16 06:37:44.194015
99.8,99.85,99.82499999999999,0.04999999999999716,99.8,188,99.79,186,99.78,32,99.77,66,99.75,46,99.85,15,99.94,77,99.97,90,99.99,46,100.04,48,0.3047858942065491,2026-04-16 06:37:44.705721
99.83,99.85,99.84,0.01999999999999602,99.83,15,99.8,188,99.79,186,99.78,32,99.77,66,99.85,15,99.94,77,99.97,90,99.99,46,100.02,53,0.2682291666666667,2026-04-16 06:37:45.209781
99.83,99.85,99.84,0.01999999999999602,99.83,15,99.8,188,99.79,186,99.78,32,99.77,66,99.85,15,99.94,77,99.97,90,99.99,46,100.02,53,0.2682291666666667,2026-04-16 06:37:45.714693
99.83,99.85,99.84,0.01999999999999602,99.83,15,99.8,188,99.79,186,99.78,32,99.77,66,99.85,15,99.94,77,99.97,90,99.99,46,100.02,53,0.2682291666666667,2026-04-16 06:37:46.215819
99.83,99.85,99.84,0.01999999999999602,99.83,15,99.8,188,99.79,186,99.78,32,99.75,46,99.85,15,99.94,77,99.97,90,99.99,46,100.02,53,0.24866310160427807,2026-04-16 06:37:46.717906
99.83,99.85,99.84,0.01999999999999602,99.83,15,99.8,188,99.79,186,99.78,32,99.75,46,99.85,15,99.94,77,99.97,90,99.99,46,100.02,53,0.24866310160427807,2026-04-16 06:37:47.218975
99.8,99.85,99.82499999999999,0.04999999999999716,99.8,116,99.79,186,99.78,32,99.75,46,99.7,68,99.85,15,99.94,77,99.97,90,99.99,46,100.02,53,0.22908093278463648,2026-04-16 06:37:47.725066
99.8,99.85,99.82499999999999,0.04999999999999716,99.8,116,99.79,186,99.78,32,99.75,46,99.7,68,99.85,15,99.94,77,99.97,90,99.99,46,100.02,53,0.22908093278463648,2026-04-16 06:37:48.225932
99.8,99.85,99.82499999999999,0.04999999999999716,99.8,116,99.79,186,99.78,32,99.75,46,99.7,68,99.85,15,99.94,77,99.97,90,99.99,46,100.02,53,0.22908093278463648,2026-04-16 06:37:48.727131
99.8,99.85,99.82499999999999,0.04999999999999716,99.8,116,99.79,186,99.78,32,99.75,46,99.7,68,99.85,15,99.94,77,99.97,90,99.99,46,100.02,53,0.22908093278463648,2026-04-16 06:37:49.229898
99.8,99.85,99.82499999999999,0.04999999999999716,99.8,49,99.79,186,99.78,32,99.75,46,99.7,68,99.85,15,99.94,77,99.97,90,99.99,46,100.02,53,0.1510574018126888,2026-04-16 06:37:49.736129
99.8,99.82,99.81,0.01999999999999602,99.8,49,99.79,186,99.78,32,99.75,46,99.7,68,99.82,5,99.85,15,99.94,77,99.97,90,99.99,46,0.24104234527687296,2026-04-16 06:37:50.237875
99.8,99.82,99.81,0.01999999999999602,99.8,49,99.79,186,99.78,32,99.75,46,99.7,68,99.82,5,99.94,77,99.97,90,99.99,46,100.02,53,0.1687116564417178,2026-04-16 06:37:50.743616
99.8,99.82,99.81,0.01999999999999602,99.8,4,99.79,186,99.78,32,99.75,46,99.7,68,99.82,5,99.94,77,99.97,90,99.99,46,100.02,53,0.1070840197693575,2026-04-16 06:37:51.245530
99.8,99.82,99.81,0.01999999999999602,99.8,4,99.79,186,99.78,32,99.75,46,99.7,68,99.82,5,99.94,77,99.97,90,99.99,46,100.02,53,0.1070840197693575,2026-04-16 06:37:51.751628
99.8,99.82,99.81,0.01999999999999602,99.8,4,99.79,186,99.78,32,99.75,46,99.7,68,99.82,5,99.94,77,99.97,90,99.99,46,100.02,53,0.1070840197693575,2026-04-16 06:37:52.256102
99.8,99.82,99.81,0.01999999999999602,99.8,4,99.79,186,99.78,32,99.75,46,99.7,68,99.82,5,99.94,77,99.97,90,99.99,46,100.02,53,0.1070840197693575,2026-04-16 06:37:52.762173
99.82,99.94,99.88,0.12000000000000455,99.82,48,99.8,4,99.79,186,99.78,32,99.75,46,99.94,77,99.97,90,99.99,46,100.02,53,100.04,48,0.0031746031746031746,2026-04-16 06:37:53.267901
99.82,99.94,99.88,0.12000000000000455,99.82,48,99.8,4,99.79,186,99.78,32,99.75,46,99.94,77,99.97,90,99.99,46,100.02,53,100.04,48,0.0031746031746031746,2026-04-16 06:37:53.773778
99.82,99.94,99.88,0.12000000000000455,99.82,48,99.8,4,99.79,186,99.78,32,99.75,46,99.94,77,99.97,90,99.99,46,100.02,53,100.04,48,0.0031746031746031746,2026-04-16 06:37:54.277272
99.82,99.94,99.88,0.12000000000000455,99.82,48,99.8,4,99.79,186,99.78,32,99.75,46,99.94,77,99.97,90,99.99,46,100.02,53,100.04,48,0.0031746031746031746,2026-04-16 06:37:54.783308
99.87,99.94,99.905,0.06999999999999318,99.87,16,99.82,48,99.8,4,99.79,186,99.78,32,99.94,77,99.97,90,99.99,46,100.02,53,100.05,8,0.02142857142857143,2026-04-16 06:37:55.289462
99.87,99.94,99.905,0.06999999999999318,99.87,16,99.82,48,99.79,186,99.78,32,99.75,46,99.94,77,99.97,90,99.99,46,100.02,53,100.05,8,0.08970099667774087,2026-04-16 06:37:55.795554
99.82,99.94,99.88,0.12000000000000455,99.82,29,99.79,186,99.78,32,99.75,46,99.73,153,99.94,77,99.97,180,99.99,46,100.02,53,100.05,8,0.10123456790123457,2026-04-16 06:37:56.301638
99.82,99.84,99.83,0.020000000000010232,99.82,29,99.79,186,99.78,32,99.75,46,99.73,153,99.84,122,99.94,77,99.97,180,99.99,46,100.02,53,-0.03463203463203463,2026-04-16 06:37:56.807710
99.79,99.84,99.815,0.04999999999999716,99.79,176,99.78,32,99.75,46,99.73,153,99.62,43,99.84,122,99.94,77,99.97,180,99.99,46,100.02,53,-0.03017241379310345,2026-04-16 06:37:57.313739
99.79,99.94,99.86500000000001,0.14999999999999147,99.79,176,99.78,32,99.75,46,99.73,153,99.62,43,99.94,38,99.97,180,99.99,46,100.02,53,100.05,8,0.16129032258064516,2026-04-16 06:37:57.819578
99.79,99.94,99.86500000000001,0.14999999999999147,99.79,176,99.78,32,99.75,46,99.73,153,99.62,43,99.94,38,99.97,180,99.99,46,100.02,53,100.05,8,0.16129032258064516,2026-04-16 06:37:58.325077
99.79,99.94,99.86500000000001,0.14999999999999147,99.79,176,99.78,32,99.75,46,99.73,153,99.62,43,99.94,38,99.97,180,99.99,46,100.02,53,100.05,8,0.16129032258064516,2026-04-16 06:37:58.830926
99.79,99.94,99.86500000000001,0.14999999999999147,99.79,176,99.78,32,99.75,46,99.73,153,99.62,43,99.94,38,99.97,180,99.99,46,100.02,53,100.05,8,0.16129032258064516,2026-04-16 06:37:59.332784
99.79,99.94,99.86500000000001,0.14999999999999147,99.79,176,99.78,32,99.75,46,99.73,153,99.62,43,99.94,38,99.97,180,99.99,46,100.02,53,100.05,8,0.16129032258064516,2026-04-16 06:37:59.835809
99.79,99.93,99.86000000000001,0.14000000000000057,99.79,176,99.78,32,99.75,46,99.62,43,99.56,54,99.93,38,99.94,38,99.97,180,99.99,46,100.02,53,-0.0056657223796034,2026-04-16 06:38:00.338732
99.79,99.93,99.86000000000001,0.14000000000000057,99.79,176,99.78,32,99.75,46,99.62,43,99.56,54,99.93,38,99.94,38,99.97,180,99.99,46,100.02,53,-0.0056657223796034,2026-04-16 06:38:00.843490
99.82,99.93,99.875,0.11000000000001364,99.82,64,99.79,316,99.78,32,99.75,46,99.62,43,99.93,38,99.94,38,99.97,180,99.99,46,100.02,53,0.1705607476635514,2026-04-16 06:38:01.349624
99.82,99.93,99.875,0.11000000000001364,99.82,64,99.79,316,99.78,32,99.75,46,99.62,43,99.93,38,99.94,38,99.97,180,99.99,46,100.02,53,0.1705607476635514,2026-04-16 06:38:01.853361
99.82,99.93,99.875,0.11000000000001364,99.82,64,99.79,316,99.78,32,99.75,46,99.62,43,99.93,38,99.94,38,99.97,180,99.99,46,100.02,53,0.1705607476635514,2026-04-16 06:38:02.359391
99.82,99.93,99.875,0.11000000000001364,99.82,64,99.79,316,99.78,32,99.75,46,99.62,43,99.93,38,99.94,38,99.97,180,99.99,46,100.02,53,0.1705607476635514,2026-04-16 06:38:02.861305
99.82,99.93,99.875,0.11000000000001364,99.82,64,99.79,316,99.78,32,99.75,46,99.62,43,99.93,38,99.94,38,99.97,180,99.99,46,100.02,53,0.1705607476635514,2026-04-16 06:38:03.366936
99.82,99.94,99.88,0.12000000000000455,99.82,64,99.79,316,99.78,32,99.75,46,99.62,43,99.94,38,99.97,180,99.99,46,100.02,53,100.05,8,0.21307506053268765,2026-04-16 06:38:03.872783
99.82,99.94,99.88,0.12000000000000455,99.82,64,99.79,316,99.78,32,99.75,46,99.62,43,99.94,38,99.97,180,99.99,46,100.02,53,100.05,8,0.21307506053268765,2026-04-16 06:38:04.377425
99.82,99.94,99.88,0.12000000000000455,99.82,64,99.79,316,99.78,32,99.75,46,99.62,43,99.94,38,99.97,180,99.99,46,100.02,53,100.05,8,0.21307506053268765,2026-04-16 06:38:04.883175
99.85,99.94,99.895,0.09000000000000341,99.85,38,99.82,64,99.79,316,99.78,32,99.75,46,99.94,38,99.97,180,99.99,46,100.02,53,100.05,8,0.20828258221680876,2026-04-16 06:38:05.385704
99.85,99.94,99.895,0.09000000000000341,99.85,38,99.82,64,99.79,316,99.78,32,99.75,46,99.94,38,99.97,180,99.99,46,100.02,53,100.05,8,0.20828258221680876,2026-04-16 06:38:05.891808
99.82,99.84,99.83,0.020000000000010232,99.82,64,99.79,316,99.78,32,99.75,46,99.62,43,99.84,47,99.94,38,99.97,180,99.99,46,100.02,53,0.15838150289017341,2026-04-16 06:38:06.397336
99.82,99.84,99.83,0.020000000000010232,99.82,64,99.79,316,99.78,32,99.62,43,99.56,54,99.84,47,99.94,38,99.97,180,99.99,46,100.02,53,0.1660939289805269,2026-04-16 06:38:06.902364
99.82,99.84,99.83,0.020000000000010232,99.82,64,99.79,316,99.78,32,99.62,43,99.56,54,99.84,47,99.94,38,99.97,180,99.99,46,100.02,53,0.1660939289805269,2026-04-16 06:38:07.405432
99.82,99.94,99.88,0.12000000000000455,99.82,64,99.79,316,99.78,32,99.62,43,99.56,54,99.94,38,99.97,180,100.02,53,100.05,8,100.11,82,0.17011494252873563,2026-04-16 06:38:07.911511
99.82,99.94,99.88,0.12000000000000455,99.82,64,99.79,316,99.78,32,99.62,43,99.56,54,99.94,38,99.97,180,100.02,53,100.05,8,100.11,82,0.17011494252873563,2026-04-16 06:38:08.417168
99.91,99.92,99.91499999999999,0.010000000000005116,99.91,16,99.82,64,99.79,316,99.78,32,99.62,43,99.92,120,99.94,38,99.96,38,99.97,180,100.02,53,0.04666666666666667,2026-04-16 06:38:08.922992
99.91,99.92,99.91499999999999,0.010000000000005116,99.91,16,99.84,72,99.82,64,99.79,316,99.78,32,99.92,120,99.94,38,99.96,38,99.97,180,100.02,53,0.07642626480086114,2026-04-16 06:38:09.428649
99.91,99.92,99.91499999999999,0.010000000000005116,99.91,16,99.84,72,99.82,64,99.79,316,99.78,32,99.92,120,99.94,38,99.96,38,99.97,180,100.02,53,0.07642626480086114,2026-04-16 06:38:09.934529
99.84,99.92,99.88,0.0799999999999983,99.84,72,99.82,64,99.79,316,99.78,32,99.62,43,99.92,120,99.94,38,99.96,38,99.97,180,100.02,53,0.10251046025104603,2026-04-16 06:38:10.439980
99.84,99.92,99.88,0.0799999999999983,99.84,72,99.82,64,99.79,316,99.78,32,99.62,43,99.92,120,99.94,38,99.96,38,99.97,180,100.0,106,0.044598612487611496,2026-04-16 06:38:10.943514
99.84,99.92,99.88,0.0799999999999983,99.84,72,99.82,64,99.79,316,99.78,32,99.62,43,99.92,120,99.94,38,99.96,38,99.97,180,100.0,106,0.044598612487611496,2026-04-16 06:38:11.448070
99.84,99.92,99.88,0.0799999999999983,99.84,72,99.82,64,99.79,316,99.78,32,99.62,43,99.92,120,99.94,38,99.96,38,99.97,180,100.0,106,0.044598612487611496,2026-04-16 06:38:11.949490
99.84,99.92,99.88,0.0799999999999983,99.84,72,99.82,64,99.79,316,99.78,32,99.62,43,99.92,120,99.94,191,99.96,38,99.97,180,100.0,106,-0.09294320137693632,2026-04-16 06:38:12.452399
99.84,99.92,99.88,0.0799999999999983,99.84,72,99.82,64,99.79,316,99.78,32,99.62,43,99.92,120,99.94,191,99.96,38,99.97,180,100.0,106,-0.09294320137693632,2026-04-16 06:38:12.958512
99.84,99.92,99.88,0.0799999999999983,99.84,72,99.82,64,99.79,316,99.78,32,99.62,43,99.92,120,99.94,191,99.96,38,99.97,180,100.0,106,-0.09294320137693632,2026-04-16 06:38:13.459727
99.79,99.92,99.855,0.12999999999999545,99.79,293,99.78,32,99.62,43,0.0,0,0.0,0,99.92,120,99.94,191,99.96,38,99.97,180,100.0,106,-0.2662013958125623,2026-04-16 06:38:13.962861
99.79,99.92,99.855,0.12999999999999545,99.79,293,99.78,32,99.62,43,0.0,0,0.0,0,99.92,120,99.94,191,99.96,38,99.97,180,100.0,106,-0.2662013958125623,2026-04-16 06:38:14.468605
99.79,99.92,99.855,0.12999999999999545,99.79,293,99.78,83,99.7,15,99.62,43,0.0,0,99.92,120,99.94,191,99.96,38,99.97,180,100.0,106,-0.1880261927034612,2026-04-16 06:38:14.974525
99.79,99.92,99.855,0.12999999999999545,99.79,293,99.78,83,99.7,15,99.62,43,0.0,0,99.92,120,99.94,191,99.96,38,99.97,90,100.0,106,-0.11338100102145046,2026-04-16 06:38:15.480650
99.79,99.92,99.855,0.12999999999999545,99.79,293,99.78,83,99.7,15,99.62,43,0.0,0,99.92,120,99.94,191,99.96,38,99.97,90,100.0,106,-0.11338100102145046,2026-04-16 06:38:15.985689
99.79,99.9,99.845,0.10999999999999943,99.79,293,99.78,83,99.7,15,99.62,43,0.0,0,99.9,157,99.92,120,99.94,191,99.96,38,99.97,90,-0.15728155339805824,2026-04-16 06:38:16.496763
99.79,99.9,99.845,0.10999999999999943,99.79,293,99.78,83,99.7,15,99.62,43,0.0,0,99.9,157,99.92,120,99.94,191,99.96,38,99.97,90,-0.15728155339805824,2026-04-16 06:38:17.001647
99.79,99.89,99.84,0.09999999999999432,99.79,293,99.78,83,99.7,15,99.62,43,0.0,0,99.89,179,99.9,157,99.92,120,99.94,191,99.96,38,-0.22430741733690795,2026-04-16 06:38:17.507395
99.79,99.89,99.84,0.09999999999999432,99.79,293,99.78,83,99.7,15,99.62,43,0.0,0,99.89,179,99.9,157,99.92,120,99.94,191,99.96,38,-0.22430741733690795,2026-04-16 06:38:18.017627
99.79,99.89,99.84,0.09999999999999432,99.79,293,99.78,83,99.7,15,99.62,43,0.0,0,99.89,179,99.9,157,99.92,120,99.94,191,99.96,38,-0.22430741733690795,2026-04-16 06:38:18.528614
99.79,99.89,99.84,0.09999999999999432,99.79,293,99.78,83,99.7,15,99.62,43,0.0,0,99.89,179,99.9,157,99.92,120,99.94,191,99.96,38,-0.22430741733690795,2026-04-16 06:38:19.038504
99.79,99.89,99.84,0.09999999999999432,99.79,293,99.78,83,99.7,15,99.62,43,0.0,0,99.89,179,99.9,157,99.92,120,99.94,191,99.96,38,-0.22430741733690795,2026-04-16 06:38:19.545390
99.79,99.89,99.84,0.09999999999999432,99.79,293,99.78,83,99.7,15,99.62,43,0.0,0,99.89,179,99.9,157,99.92,120,99.94,191,99.96,38,-0.22430741733690795,2026-04-16 06:38:20.053779
99.79,99.89,99.84,0.09999999999999432,99.79,293,99.78,83,99.7,15,99.62,43,0.0,0,99.89,179,99.9,157,99.92,120,99.94,191,99.96,38,-0.22430741733690795,2026-04-16 06:38:20.556489
99.79,99.89,99.84,0.09999999999999432,99.79,293,99.78,83,99.7,15,99.62,43,0.0,0,99.89,179,99.9,157,99.92,120,99.94,191,99.96,38,-0.22430741733690795,2026-04-16 06:38:21.067366
99.79,99.89,99.84,0.09999999999999432,99.79,293,99.78,83,99.7,15,99.62,43,0.0,0,99.89,179,99.9,157,99.92,120,99.94,191,99.96,38,-0.22430741733690795,2026-04-16 06:38:21.578252
99.79,99.89,99.84,0.09999999999999432,99.79,293,99.78,83,99.7,15,99.62,43,0.0,0,99.89,179,99.9,157,99.92,120,99.94,191,99.96,38,-0.22430741733690795,2026-04-16 06:38:43.085950
99.79,99.89,99.84,0.09999999999999432,99.79,293,99.78,83,99.7,15,99.62,43,0.0,0,99.89,179,99.9,157,99.92,120,99.94,191,99.96,38,-0.22430741733690795,2026-04-16 06:38:43.592330
99.79,99.89,99.84,0.09999999999999432,99.79,293,99.78,83,99.7,15,99.62,43,0.0,0,99.89,179,99.9,157,99.92,120,99.94,191,99.96,38,-0.22430741733690795,2026-04-16 06:38:44.092832
99.79,99.89,99.84,0.09999999999999432,99.79,293,99.78,83,99.7,15,99.62,43,0.0,0,99.89,179,99.9,157,99.92,120,99.94,191,99.96,38,-0.22430741733690795,2026-04-16 06:38:44.597562
99.79,99.89,99.84,0.09999999999999432,99.79,293,99.78,83,99.7,15,99.62,43,0.0,0,99.89,179,99.9,157,99.92,120,99.94,191,99.96,38,-0.22430741733690795,2026-04-16 06:38:45.103451
99.79,99.89,99.84,0.09999999999999432,99.79,293,99.78,83,99.7,15,99.62,43,0.0,0,99.89,179,99.9,157,99.92,120,99.94,191,99.96,38,-0.22430741733690795,2026-04-16 06:38:45.607208
99.79,99.89,99.84,0.09999999999999432,99.79,293,99.78,83,99.7,15,99.62,43,0.0,0,99.89,179,99.9,157,99.92,120,99.94,191,99.96,38,-0.22430741733690795,2026-04-16 06:38:46.113116
99.79,99.89,99.84,0.09999999999999432,99.79,293,99.78,83,99.7,15,99.62,43,0.0,0,99.89,179,99.9,157,99.92,120,99.94,191,99.96,38,-0.22430741733690795,2026-04-16 06:38:46.617322
99.79,99.89,99.84,0.09999999999999432,99.79,293,99.78,83,99.7,15,99.62,43,0.0,0,99.89,179,99.9,157,99.92,120,99.94,191,99.96,38,-0.22430741733690795,2026-04-16 06:38:47.120190
99.79,99.89,99.84,0.09999999999999432,99.79,293,99.78,83,99.7,15,99.62,43,0.0,0,99.89,179,99.9,157,99.92,120,99.94,191,99.96,38,-0.22430741733690795,2026-04-16 06:38:47.626358
99.79,99.89,99.84,0.09999999999999432,99.79,293,99.78,83,99.7,15,99.62,43,0.0,0,99.89,179,99.9,157,99.92,120,99.94,191,99.96,38,-0.22430741733690795,2026-04-16 06:38:48.131184
99.79,99.89,99.84,0.09999999999999432,99.79,293,99.78,83,99.7,15,99.62,43,0.0,0,99.89,179,99.9,157,99.92,120,99.94,191,99.96,38,-0.22430741733690795,2026-04-16 06:38:48.634542
99.79,99.89,99.84,0.09999999999999432,99.79,293,99.78,83,99.7,15,99.62,43,0.0,0,99.89,179,99.9,157,99.92,120,99.94,191,99.96,38,-0.22430741733690795,2026-04-16 06:38:49.140038
99.79,99.89,99.84,0.09999999999999432,99.79,293,99.78,83,99.7,15,99.62,43,0.0,0,99.89,179,99.9,157,99.92,120,99.94,191,99.96,38,-0.22430741733690795,2026-04-16 06:38:49.641248
99.79,99.89,99.84,0.09999999999999432,99.79,293,99.78,83,99.7,15,99.62,43,0.0,0,99.89,179,99.9,157,99.92,120,99.94,191,99.96,38,-0.22430741733690795,2026-04-16 06:38:50.142963
99.79,99.89,99.84,0.09999999999999432,99.79,293,99.78,83,99.7,15,99.62,43,0.0,0,99.89,179,99.9,157,99.92,120,99.94,191,99.96,38,-0.22430741733690795,2026-04-16 06:38:50.649100
99.79,99.89,99.84,0.09999999999999432,99.79,293,99.78,83,99.7,15,99.62,43,0.0,0,99.89,179,99.9,157,99.92,120,99.94,191,99.96,38,-0.22430741733690795,2026-04-16 06:38:51.155230
99.79,99.89,99.84,0.09999999999999432,99.79,293,99.78,83,99.7,15,99.62,43,0.0,0,99.89,179,99.9,157,99.92,120,99.94,191,99.96,38,-0.22430741733690795,2026-04-16 06:38:51.661207
99.79,99.89,99.84,0.09999999999999432,99.79,293,99.78,83,99.7,15,99.62,43,0.0,0,99.89,179,99.9,157,99.92,120,99.94,191,99.96,38,-0.22430741733690795,2026-04-16 06:38:52.167262
99.79,99.89,99.84,0.09999999999999432,99.79,293,99.78,83,99.7,15,99.62,43,0.0,0,99.89,179,99.9,157,99.92,120,99.94,191,99.96,38,-0.22430741733690795,2026-04-16 06:38:52.669279
99.79,99.89,99.84,0.09999999999999432,99.79,293,99.78,83,99.7,15,99.62,43,0.0,0,99.89,179,99.9,157,99.92,120,99.94,191,99.96,38,-0.22430741733690795,2026-04-16 06:38:53.175186
99.79,99.89,99.84,0.09999999999999432,99.79,293,99.78,83,99.7,15,99.62,43,0.0,0,99.89,179,99.9,157,99.92,120,99.94,191,99.96,38,-0.22430741733690795,2026-04-16 06:38:53.678753
99.79,99.89,99.84,0.09999999999999432,99.79,293,99.78,83,99.7,15,99.62,43,0.0,0,99.89,179,99.9,157,99.92,120,99.94,191,99.96,38,-0.22430741733690795,2026-04-16 06:38:54.183458
99.79,99.89,99.84,0.09999999999999432,99.79,293,99.78,83,99.7,15,99.62,43,0.0,0,99.89,179,99.9,157,99.92,120,99.94,191,99.96,38,-0.22430741733690795,2026-04-16 06:38:54.686828
99.79,99.89,99.84,0.09999999999999432,99.79,293,99.78,83,99.7,15,99.62,43,0.0,0,99.89,179,99.9,157,99.92,120,99.94,191,99.96,38,-0.22430741733690795,2026-04-16 06:38:55.193024
99.79,99.89,99.84,0.09999999999999432,99.79,293,99.78,83,99.7,15,99.62,43,0.0,0,99.89,179,99.9,157,99.92,120,99.94,191,99.96,38,-0.22430741733690795,2026-04-16 06:38:55.698998
99.79,99.89,99.84,0.09999999999999432,99.79,293,99.78,83,99.7,15,99.62,43,0.0,0,99.89,179,99.9,157,99.92,120,99.94,191,99.96,38,-0.22430741733690795,2026-04-16 06:38:56.203095
99.79,99.89,99.84,0.09999999999999432,99.79,293,99.78,83,99.7,15,99.62,43,0.0,0,99.89,179,99.9,157,99.92,120,99.94,191,99.96,38,-0.22430741733690795,2026-04-16 06:38:56.708761
99.79,99.89,99.84,0.09999999999999432,99.79,293,99.78,83,99.7,15,99.62,43,0.0,0,99.89,179,99.9,157,99.92,120,99.94,191,99.96,38,-0.22430741733690795,2026-04-16 06:38:57.214808
99.79,99.89,99.84,0.09999999999999432,99.79,293,99.78,83,99.7,15,99.62,43,0.0,0,99.89,179,99.9,157,99.92,120,99.94,191,99.96,38,-0.22430741733690795,2026-04-16 06:38:57.721084
99.79,99.89,99.84,0.09999999999999432,99.79,293,99.78,83,99.7,15,99.62,43,0.0,0,99.89,179,99.9,157,99.92,120,99.94,191,99.96,38,-0.22430741733690795,2026-04-16 06:38:58.227228
99.79,99.89,99.84,0.09999999999999432,99.79,293,99.78,83,99.7,15,99.62,43,0.0,0,99.89,179,99.9,157,99.92,120,99.94,191,99.96,38,-0.22430741733690795,2026-04-16 06:38:58.728750
99.79,99.89,99.84,0.09999999999999432,99.79,293,99.78,83,99.7,15,99.62,43,0.0,0,99.89,179,99.9,157,99.92,120,99.94,191,99.96,38,-0.22430741733690795,2026-04-16 06:38:59.229555
99.79,99.89,99.84,0.09999999999999432,99.79,293,99.78,83,99.7,15,99.62,43,0.0,0,99.89,179,99.9,157,99.92,120,99.94,191,99.96,38,-0.22430741733690795,2026-04-16 06:38:59.734728
99.79,99.89,99.84,0.09999999999999432,99.79,293,99.78,83,99.7,15,99.62,43,0.0,0,99.89,179,99.9,157,99.92,120,99.94,191,99.96,38,-0.22430741733690795,2026-04-16 06:39:00.236985
99.79,99.89,99.84,0.09999999999999432,99.79,293,99.78,83,99.7,15,99.62,43,0.0,0,99.89,179,99.9,157,99.92,120,99.94,191,99.96,38,-0.22430741733690795,2026-04-16 06:39:00.741458
99.79,99.89,99.84,0.09999999999999432,99.79,293,99.78,83,99.7,15,99.62,43,0.0,0,99.89,179,99.9,157,99.92,120,99.94,191,99.96,38,-0.22430741733690795,2026-04-16 06:39:01.246211
99.79,99.89,99.84,0.09999999999999432,99.79,293,99.78,83,99.7,15,99.62,43,0.0,0,99.89,179,99.9,157,99.92,120,99.94,191,99.96,38,-0.22430741733690795,2026-04-16 06:39:01.747398
99.79,99.89,99.84,0.09999999999999432,99.79,293,99.78,83,99.7,15,99.62,43,0.0,0,99.89,179,99.9,157,99.92,120,99.94,191,99.96,38,-0.22430741733690795,2026-04-16 06:39:02.253457
99.79,99.89,99.84,0.09999999999999432,99.79,293,99.78,83,99.7,15,99.62,43,0.0,0,99.89,179,99.9,157,99.92,120,99.94,191,99.96,38,-0.22430741733690795,2026-04-16 06:39:02.759476
99.79,99.89,99.84,0.09999999999999432,99.79,293,99.78,83,99.7,15,99.62,43,0.0,0,99.89,179,99.9,157,99.92,120,99.94,191,99.96,38,-0.22430741733690795,2026-04-16 06:39:03.261767
99.79,99.89,99.84,0.09999999999999432,99.79,293,99.78,83,99.7,15,99.62,43,0.0,0,99.89,179,99.9,157,99.92,120,99.94,191,99.96,38,-0.22430741733690795,2026-04-16 06:39:03.766659
99.8,99.84,99.82,0.04000000000000625,99.8,30,99.79,240,99.78,83,99.77,137,99.72,14,99.84,75,99.89,179,99.9,157,99.92,120,99.94,191,-0.17781402936378465,2026-04-16 06:39:04.272171
99.8,99.84,99.82,0.04000000000000625,99.8,30,99.79,240,99.78,83,99.77,137,99.72,14,99.84,75,99.89,179,99.9,157,99.92,120,99.94,191,-0.17781402936378465,2026-04-16 06:39:04.776548
99.82,99.87,99.845,0.05000000000001137,99.82,84,99.79,207,99.78,83,99.77,165,99.72,14,99.87,28,99.89,154,99.9,157,99.94,191,99.96,38,-0.013380909901873328,2026-04-16 06:39:05.277771
99.82,99.92,99.87,0.10000000000000853,99.82,94,99.8,52,99.79,287,99.78,74,99.77,165,99.92,44,99.94,191,99.96,38,100.0,106,100.05,8,0.26912181303116145,2026-04-16 06:39:05.784069
99.84,99.9,99.87,0.060000000000002274,99.84,20,99.82,39,99.8,52,99.79,203,99.78,32,99.9,91,99.93,28,99.94,38,99.96,38,99.97,27,0.21830985915492956,2026-04-16 06:39:06.288702
99.84,99.9,99.87,0.060000000000002274,99.84,20,99.82,39,99.8,52,99.79,203,99.78,32,99.9,91,99.91,161,99.93,28,99.94,38,99.96,38,-0.014245014245014245,2026-04-16 06:39:06.792366
99.84,99.9,99.87,0.060000000000002274,99.84,20,99.82,39,99.8,52,99.79,203,99.78,32,99.9,91,99.91,161,99.93,28,99.94,38,99.96,38,-0.014245014245014245,2026-04-16 06:39:07.297634
99.84,99.9,99.87,0.060000000000002274,99.84,20,99.82,39,99.8,52,99.79,203,99.78,32,99.9,91,99.91,161,99.93,28,99.94,38,99.96,38,-0.014245014245014245,2026-04-16 06:39:07.803353
99.84,99.9,99.87,0.060000000000002274,99.84,20,99.82,39,99.8,52,99.79,203,99.78,32,99.9,91,99.91,161,99.93,28,99.94,38,99.96,38,-0.014245014245014245,2026-04-16 06:39:08.309417
99.84,99.91,99.875,0.06999999999999318,99.84,148,99.82,39,99.8,52,99.79,203,99.78,32,99.91,60,99.93,28,99.94,38,99.96,38,99.97,27,0.4255639097744361,2026-04-16 06:39:08.812320
99.85,99.91,99.88,0.060000000000002274,99.85,18,99.84,148,99.82,39,99.8,52,99.79,203,99.91,60,99.93,49,99.94,38,99.96,38,99.97,27,0.36904761904761907,2026-04-16 06:39:09.317989
99.85,99.91,99.88,0.060000000000002274,99.85,18,99.84,148,99.82,39,99.8,52,99.79,203,99.91,60,99.93,49,99.94,38,99.96,38,99.97,27,0.36904761904761907,2026-04-16 06:39:09.821687
99.84,99.9,99.87,0.060000000000002274,99.84,140,99.82,39,99.8,52,99.79,203,99.77,53,99.9,18,99.93,32,99.94,38,99.96,38,99.97,27,0.521875,2026-04-16 06:39:10.323619
99.84,99.9,99.87,0.060000000000002274,99.84,140,99.82,39,99.8,52,99.79,203,99.77,53,99.9,18,99.93,32,99.94,38,99.96,38,99.97,27,0.521875,2026-04-16 06:39:10.829451
99.84,99.9,99.87,0.060000000000002274,99.84,140,99.82,39,99.8,52,99.79,203,99.77,53,99.9,18,99.93,32,99.94,38,99.96,38,99.97,27,0.521875,2026-04-16 06:39:11.335647
99.84,99.9,99.87,0.060000000000002274,99.84,140,99.82,39,99.8,90,99.79,203,99.77,53,99.9,18,99.93,32,99.94,38,99.96,38,99.97,27,0.5486725663716814,2026-04-16 06:39:11.837745
99.84,99.9,99.87,0.060000000000002274,99.84,140,99.82,39,99.8,90,99.79,203,99.77,53,99.9,18,99.93,32,99.94,38,99.96,38,99.97,27,0.5486725663716814,2026-04-16 06:39:12.340289
99.92,99.93,99.92500000000001,0.010000000000005116,99.92,8,99.84,140,99.82,39,99.8,90,99.79,203,99.93,32,99.94,38,99.96,38,99.97,27,100.0,106,0.3314840499306519,2026-04-16 06:39:12.846243
99.92,99.93,99.92500000000001,0.010000000000005116,99.92,8,99.84,140,99.82,39,99.8,90,99.79,203,99.93,32,99.94,38,99.96,38,99.97,27,100.0,106,0.3314840499306519,2026-04-16 06:39:13.352307
99.92,99.93,99.92500000000001,0.010000000000005116,99.92,8,99.84,140,99.82,39,99.8,90,99.79,203,99.93,32,99.94,38,99.96,38,99.97,27,100.0,106,0.3314840499306519,2026-04-16 06:39:13.858240
99.92,99.93,99.92500000000001,0.010000000000005116,99.92,8,99.84,140,99.82,39,99.8,90,99.79,203,99.93,32,99.94,38,99.96,38,99.97,27,100.0,106,0.3314840499306519,2026-04-16 06:39:14.363835
99.92,99.93,99.92500000000001,0.010000000000005116,99.92,8,99.84,140,99.82,39,99.8,90,99.79,203,99.93,32,99.94,38,99.96,38,99.97,27,100.0,106,0.3314840499306519,2026-04-16 06:39:14.867049
99.92,99.93,99.92500000000001,0.010000000000005116,99.92,8,99.84,140,99.82,39,99.8,90,99.79,203,99.93,24,99.94,38,99.96,38,99.97,27,100.0,106,0.34642356241234223,2026-04-16 06:39:15.370519
99.92,99.93,99.92500000000001,0.010000000000005116,99.92,8,99.84,140,99.82,39,99.8,90,99.79,203,99.93,24,99.94,38,99.96,38,99.97,27,100.0,106,0.34642356241234223,2026-04-16 06:39:15.875126
99.92,99.94,99.93,0.01999999999999602,99.92,8,99.84,140,99.82,39,99.8,90,99.79,203,99.94,6,99.96,38,99.97,27,100.0,106,100.05,8,0.44360902255639095,2026-04-16 06:39:16.380398
99.92,99.94,99.93,0.01999999999999602,99.92,8,99.84,140,99.82,39,99.8,90,99.79,203,99.94,6,99.96,38,99.97,27,100.0,106,100.05,8,0.44360902255639095,2026-04-16 06:39:16.886536
99.92,99.94,99.93,0.01999999999999602,99.92,8,99.84,140,99.82,39,99.8,90,99.79,203,99.94,6,99.96,38,99.97,27,100.0,106,100.05,8,0.44360902255639095,2026-04-16 06:39:17.392765
99.84,99.94,99.89,0.09999999999999432,99.84,57,99.82,39,99.8,90,99.79,203,99.73,98,99.94,6,99.96,38,99.97,27,100.0,106,100.05,8,0.4494047619047619,2026-04-16 06:39:17.898950
99.84,99.94,99.89,0.09999999999999432,99.84,57,99.82,39,99.8,90,99.79,203,99.73,98,99.94,6,99.96,38,99.97,27,100.0,106,100.05,8,0.4494047619047619,2026-04-16 06:39:18.403095
99.84,99.94,99.89,0.09999999999999432,99.84,57,99.82,39,99.8,90,99.79,203,99.73,98,99.94,6,99.96,38,99.97,27,100.0,106,100.05,8,0.4494047619047619,2026-04-16 06:39:18.909226
99.84,99.9,99.87,0.060000000000002274,99.84,57,99.82,39,99.8,38,99.79,203,99.73,98,99.9,59,99.94,6,99.96,38,99.97,27,100.0,106,0.2965722801788376,2026-04-16 06:39:19.414869
99.84,99.9,99.87,0.060000000000002274,99.84,57,99.82,39,99.8,38,99.79,203,99.73,98,99.9,59,99.94,6,99.96,38,99.97,27,100.0,106,0.2965722801788376,2026-04-16 06:39:19.915738
99.79,99.9,99.845,0.10999999999999943,99.79,203,99.73,98,99.72,14,99.7,15,99.69,71,99.9,59,99.94,6,99.96,38,99.97,27,100.0,106,0.25902668759811615,2026-04-16 06:39:20.419191
99.79,99.9,99.845,0.10999999999999943,99.79,203,99.73,98,99.72,14,99.7,15,99.69,71,99.9,59,99.94,6,99.96,38,99.97,27,100.0,106,0.25902668759811615,2026-04-16 06:39:20.925116
99.79,99.9,99.845,0.10999999999999943,99.79,203,99.73,98,99.72,14,99.7,15,99.69,71,99.9,59,99.94,6,99.96,38,99.97,27,100.0,106,0.25902668759811615,2026-04-16 06:39:21.428901
99.79,99.9,99.845,0.10999999999999943,99.79,203,99.73,98,99.72,14,99.7,15,99.69,71,99.9,59,99.94,6,99.96,38,99.97,27,100.0,106,0.25902668759811615,2026-04-16 06:39:21.930960
99.79,99.9,99.845,0.10999999999999943,99.79,203,99.73,98,99.72,14,99.7,15,99.69,71,99.9,59,99.94,6,99.96,38,99.97,27,100.0,106,0.25902668759811615,2026-04-16 06:39:22.435157
99.79,99.9,99.845,0.10999999999999943,99.79,203,99.73,98,99.72,14,99.7,15,99.69,71,99.9,59,99.94,6,99.96,38,99.97,27,100.0,106,0.25902668759811615,2026-04-16 06:39:22.936198
99.79,99.9,99.845,0.10999999999999943,99.79,203,99.73,98,99.72,14,99.7,15,99.69,71,99.9,59,99.94,6,99.96,38,99.97,27,100.0,106,0.25902668759811615,2026-04-16 06:39:23.440445
99.79,99.9,99.845,0.10999999999999943,99.79,203,99.73,98,99.72,14,99.7,15,99.69,71,99.9,59,99.94,6,99.96,38,99.97,27,100.0,106,0.25902668759811615,2026-04-16 06:39:23.946443
99.79,99.86,99.825,0.06999999999999318,99.79,203,99.73,98,99.72,14,99.7,15,99.69,71,99.86,162,99.9,59,99.94,6,99.96,38,99.97,27,0.15728715728715728,2026-04-16 06:39:24.452481
99.79,99.86,99.825,0.06999999999999318,99.79,203,99.73,98,99.72,14,99.7,15,99.69,71,99.86,162,99.9,59,99.94,6,99.96,38,99.97,27,0.15728715728715728,2026-04-16 06:39:24.958370
99.79,99.81,99.80000000000001,0.01999999999999602,99.79,203,99.73,98,99.72,14,99.7,15,99.69,71,99.81,15,99.86,162,99.9,59,99.94,6,99.96,38,0.1776798825256975,2026-04-16 06:39:25.463988
99.79,99.81,99.80000000000001,0.01999999999999602,99.79,203,99.73,98,99.72,14,99.7,15,99.69,71,99.81,15,99.86,162,99.9,59,99.94,6,99.97,27,0.19701492537313434,2026-04-16 06:39:25.969971
99.79,99.81,99.80000000000001,0.01999999999999602,99.79,203,99.75,49,99.73,98,99.72,14,99.7,15,99.81,15,99.86,162,99.9,59,99.94,6,99.97,27,0.1697530864197531,2026-04-16 06:39:26.475185
99.79,99.81,99.80000000000001,0.01999999999999602,99.79,203,99.75,49,99.73,98,99.72,14,99.71,118,99.81,15,99.86,162,99.9,59,99.94,6,99.97,27,0.2836218375499334,2026-04-16 06:39:26.980961
99.79,99.81,99.80000000000001,0.01999999999999602,99.79,203,99.75,49,99.73,98,99.72,14,99.71,118,99.81,15,99.86,162,99.9,59,99.94,6,99.97,27,0.2836218375499334,2026-04-16 06:39:27.485805
99.79,99.81,99.80000000000001,0.01999999999999602,99.79,203,99.75,49,99.73,98,99.72,14,99.71,118,99.81,15,99.86,162,99.9,59,99.94,6,99.97,27,0.2836218375499334,2026-04-16 06:39:27.989574
99.79,99.81,99.80000000000001,0.01999999999999602,99.79,203,99.75,49,99.73,98,99.72,14,99.71,118,99.81,15,99.86,162,99.9,59,99.94,6,99.97,27,0.2836218375499334,2026-04-16 06:39:28.491787
99.79,99.86,99.825,0.06999999999999318,99.79,203,99.75,49,99.73,98,99.72,14,99.71,118,99.86,162,99.9,59,99.94,6,99.97,85,100.0,106,0.07111111111111111,2026-04-16 06:39:28.998049
99.79,99.86,99.825,0.06999999999999318,99.79,203,99.75,49,99.73,98,99.72,14,99.71,118,99.86,162,99.9,59,99.94,6,99.97,85,100.0,106,0.07111111111111111,2026-04-16 06:39:29.504030
99.79,99.86,99.825,0.06999999999999318,99.79,203,99.75,185,99.73,98,99.72,14,99.71,118,99.86,162,99.9,59,99.94,6,99.97,85,100.0,106,0.19305019305019305,2026-04-16 06:39:30.010046
99.79,99.84,99.815,0.04999999999999716,99.79,203,99.75,185,99.73,98,99.72,14,99.71,118,99.84,71,99.86,162,99.9,59,99.94,6,99.97,85,0.23476523476523475,2026-04-16 06:39:30.515735
99.79,99.84,99.815,0.04999999999999716,99.79,203,99.75,185,99.73,98,99.72,14,99.71,118,99.84,71,99.86,162,99.9,59,99.94,6,99.97,85,0.23476523476523475,2026-04-16 06:39:31.021747
99.79,99.84,99.815,0.04999999999999716,99.79,203,99.75,185,99.73,98,99.72,14,99.71,118,99.84,71,99.86,162,99.9,59,99.94,6,99.97,85,0.23476523476523475,2026-04-16 06:39:31.527143
99.79,99.84,99.815,0.04999999999999716,99.79,203,99.75,185,99.73,98,99.72,14,99.71,118,99.84,71,99.86,162,99.9,59,99.94,6,99.97,85,0.23476523476523475,2026-04-16 06:39:32.029955
99.79,99.84,99.815,0.04999999999999716,99.79,203,99.75,185,99.73,98,99.72,14,99.71,118,99.84,71,99.86,162,99.9,59,99.94,6,99.97,85,0.23476523476523475,2026-04-16 06:39:32.536069
99.79,99.84,99.815,0.04999999999999716,99.79,203,99.75,185,99.73,98,99.72,14,99.71,118,99.84,71,99.86,162,99.9,59,99.94,6,99.97,85,0.23476523476523475,2026-04-16 06:39:33.037531
99.79,99.84,99.815,0.04999999999999716,99.79,203,99.75,185,99.73,98,99.72,14,99.71,118,99.84,71,99.86,162,99.9,59,99.94,6,99.97,85,0.23476523476523475,2026-04-16 06:39:33.541897
99.79,99.86,99.825,0.06999999999999318,99.79,203,99.75,185,99.73,98,99.72,14,99.71,118,99.86,162,99.9,59,99.94,6,99.97,85,100.0,106,0.19305019305019305,2026-04-16 06:39:34.045283
99.79,99.86,99.825,0.06999999999999318,99.79,203,99.75,185,99.73,98,99.72,14,99.71,118,99.86,162,99.9,59,99.94,6,99.97,85,100.0,106,0.19305019305019305,2026-04-16 06:39:34.546359
99.79,99.86,99.825,0.06999999999999318,99.79,203,99.75,185,99.73,98,99.72,14,99.71,118,99.86,162,99.9,59,99.94,6,99.97,85,100.0,106,0.19305019305019305,2026-04-16 06:39:35.052174
99.79,99.82,99.805,0.029999999999986926,99.79,203,99.75,185,99.73,98,99.72,14,99.71,118,99.82,53,99.86,162,99.9,59,99.94,6,99.97,85,0.25737538148524924,2026-04-16 06:39:35.560892
99.79,99.82,99.805,0.029999999999986926,99.79,203,99.75,185,99.73,98,99.72,14,99.71,118,99.82,53,99.86,162,99.9,59,99.94,6,99.97,85,0.25737538148524924,2026-04-16 06:39:36.066791
99.79,99.82,99.805,0.029999999999986926,99.79,203,99.75,185,99.73,98,99.72,14,99.71,118,99.82,53,99.86,162,99.9,59,99.94,6,99.97,85,0.25737538148524924,2026-04-16 06:39:36.572754
99.79,99.82,99.805,0.029999999999986926,99.79,203,99.75,185,99.73,159,99.72,14,99.71,118,99.82,53,99.86,162,99.9,59,99.94,6,99.97,85,0.3007662835249042,2026-04-16 06:39:37.078845
99.79,99.82,99.805,0.029999999999986926,99.79,203,99.75,185,99.73,179,99.72,14,99.71,118,99.82,53,99.86,162,99.9,59,99.94,6,99.97,85,0.31390977443609025,2026-04-16 06:39:37.585002
99.79,99.82,99.805,0.029999999999986926,99.79,223,99.75,185,99.73,179,99.72,14,99.71,118,99.82,53,99.86,162,99.9,59,99.94,6,99.97,85,0.32656826568265684,2026-04-16 06:39:38.088506
99.79,99.82,99.805,0.029999999999986926,99.79,160,99.75,185,99.73,179,99.72,14,99.71,118,99.82,53,99.86,162,99.9,59,99.94,6,99.97,85,0.2850146914789422,2026-04-16 06:39:38.591281
99.79,99.86,99.825,0.06999999999999318,99.79,160,99.75,185,99.73,179,99.72,14,99.71,118,99.86,162,99.9,59,99.94,6,99.97,85,100.0,106,0.22160148975791433,2026-04-16 06:39:39.095584
99.84,99.86,99.85,0.01999999999999602,99.84,120,99.79,160,99.75,185,99.73,179,99.72,14,99.86,162,99.9,59,99.94,6,99.97,85,100.0,106,0.22304832713754646,2026-04-16 06:39:39.597738
99.84,99.86,99.85,0.01999999999999602,99.84,120,99.79,160,99.75,185,99.73,179,99.72,14,99.86,162,99.9,59,99.94,6,99.97,85,100.0,106,0.22304832713754646,2026-04-16 06:39:40.103557
99.84,99.86,99.85,0.01999999999999602,99.84,120,99.79,160,99.75,185,99.73,179,99.72,14,99.86,99,99.9,59,99.94,6,99.97,85,100.0,106,0.29911154985192495,2026-04-16 06:39:40.605371
99.84,99.86,99.85,0.01999999999999602,99.84,120,99.79,160,99.75,185,99.73,179,99.72,14,99.86,99,99.9,59,99.94,6,99.97,85,100.0,106,0.29911154985192495,2026-04-16 06:39:41.106989
99.79,99.86,99.825,0.06999999999999318,99.79,158,99.75,185,99.73,179,99.72,14,99.71,118,99.86,99,99.9,59,99.94,6,99.97,85,100.0,106,0.29633300297324083,2026-04-16 06:39:41.610287
99.79,99.82,99.805,0.029999999999986926,99.79,158,99.75,185,99.73,179,99.72,14,99.71,118,99.82,124,99.86,99,99.9,59,99.94,6,99.97,85,0.2736124634858812,2026-04-16 06:39:42.112207
99.79,99.82,99.805,0.029999999999986926,99.79,158,99.75,185,99.73,179,99.72,14,99.71,118,99.82,124,99.86,99,99.9,59,99.94,6,99.97,85,0.2736124634858812,2026-04-16 06:39:42.614291
99.79,99.82,99.805,0.029999999999986926,99.79,158,99.75,185,99.73,179,99.72,14,99.69,71,99.82,124,99.86,99,99.9,59,99.94,6,99.97,85,0.23877551020408164,2026-04-16 06:39:43.120400
99.79,99.82,99.805,0.029999999999986926,99.79,158,99.75,185,99.73,179,99.72,14,99.69,71,99.82,124,99.86,99,99.9,59,99.94,6,99.97,85,0.23877551020408164,2026-04-16 06:39:43.623404
99.79,99.82,99.805,0.029999999999986926,99.79,158,99.75,185,99.73,179,99.72,14,99.69,71,99.82,22,99.86,99,99.9,59,99.94,6,99.97,85,0.3826879271070615,2026-04-16 06:39:44.124390
99.79,99.82,99.805,0.029999999999986926,99.79,22,99.75,185,99.73,179,99.72,14,99.69,71,99.82,22,99.86,99,99.9,59,99.94,6,99.97,85,0.2695417789757412,2026-04-16 06:39:44.625998
99.79,99.81,99.80000000000001,0.01999999999999602,99.79,22,99.75,185,99.73,179,99.72,14,99.69,71,99.81,14,99.82,22,99.86,99,99.9,59,99.94,6,0.4038748137108793,2026-04-16 06:39:45.130694
99.79,99.81,99.80000000000001,0.01999999999999602,99.79,22,99.75,185,99.73,179,99.72,14,99.69,71,99.81,14,99.82,22,99.86,99,99.9,59,99.94,6,0.4038748137108793,2026-04-16 06:39:45.633527
99.79,99.81,99.80000000000001,0.01999999999999602,99.79,22,99.75,185,99.73,179,99.72,14,99.69,71,99.81,14,99.82,22,99.86,99,99.9,59,99.94,6,0.4038748137108793,2026-04-16 06:39:46.139561
99.79,99.81,99.80000000000001,0.01999999999999602,99.79,22,99.78,103,99.75,185,99.73,179,99.72,14,99.81,14,99.82,22,99.86,99,99.9,59,99.94,6,0.4310099573257468,2026-04-16 06:39:46.643247
99.79,99.81,99.80000000000001,0.01999999999999602,99.79,22,99.78,103,99.75,185,99.73,179,99.72,14,99.81,14,99.82,22,99.86,99,99.9,59,99.94,6,0.4310099573257468,2026-04-16 06:39:47.149394
99.79,99.81,99.80000000000001,0.01999999999999602,99.79,22,99.78,103,99.75,185,99.73,179,99.72,14,99.81,14,99.82,22,99.86,99,99.9,59,99.94,6,0.4310099573257468,2026-04-16 06:39:47.654398
99.79,99.81,99.80000000000001,0.01999999999999602,99.79,22,99.78,103,99.75,185,99.73,179,99.72,14,99.81,14,99.82,22,99.86,99,99.9,59,99.94,6,0.4310099573257468,2026-04-16 06:39:48.160468
99.79,99.81,99.80000000000001,0.01999999999999602,99.79,22,99.78,103,99.75,185,99.73,179,99.72,14,99.81,14,99.82,22,99.86,99,99.9,59,99.94,6,0.4310099573257468,2026-04-16 06:39:48.662084
99.79,99.82,99.805,0.029999999999986926,99.79,22,99.78,103,99.75,185,99.73,179,99.72,14,99.82,22,99.86,99,99.9,59,99.94,6,99.97,85,0.2997416020671835,2026-04-16 06:39:49.165704
99.79,99.8,99.795,0.009999999999990905,99.79,22,99.78,103,99.75,185,99.73,179,99.72,14,99.8,76,99.82,22,99.86,99,99.9,59,99.94,6,0.3150326797385621,2026-04-16 06:39:49.666732
99.79,99.8,99.795,0.009999999999990905,99.79,20,99.78,103,99.75,185,99.73,179,99.72,14,99.8,76,99.82,22,99.86,99,99.9,59,99.94,6,0.3132372214941022,2026-04-16 06:39:50.171116
99.79,99.8,99.795,0.009999999999990905,99.79,8,99.78,103,99.75,185,99.73,179,99.72,14,99.8,76,99.82,22,99.86,99,99.9,59,99.94,6,0.3022636484687084,2026-04-16 06:39:50.677320
99.79,99.8,99.795,0.009999999999990905,99.79,8,99.78,103,99.75,185,99.73,179,99.72,14,99.8,76,99.82,22,99.83,135,99.86,99,99.9,59,0.11136363636363636,2026-04-16 06:39:51.181470
