bid,ask,mid,spread,bid_0_price,bid_0_size,bid_1_price,bid_1_size,ask_0_price,ask_0_size,ask_1_price,ask_1_size,imbalance,timestamp,bid_2_price,bid_2_size,bid_3_price,bid_3_size,bid_4_price,bid_4_size,ask_2_price,ask_2_size,ask_3_price,ask_3_size,ask_4_price,ask_4_size
176.48,176.53,176.505,0.05000000000001137,176.48,21,176.45,3.0,176.53,2,176.54,6.0,0.5,2026-04-02 07:05:59.104569,,,,,,,,,,,,
176.55,176.61,176.58,0.060000000000002274,176.55,1,176.54,3.0,176.61,3,176.62,1.0,0.2413793103448276,2026-04-02 07:05:59.613746,176.53,1.0,176.5,1.0,176.48,12.0,176.64,2.0,176.66,3.0,176.67,2.0
176.54,176.59,176.565,0.05000000000001137,176.54,3,176.53,1.0,176.59,2,176.61,1.0,0.42857142857142855,2026-04-02 07:06:00.116746,176.5,1.0,176.48,12.0,176.45,3.0,176.62,2.0,176.63,1.0,176.64,2.0
176.6,176.67,176.635,0.06999999999999318,176.6,2,176.59,1.0,176.67,3,176.69,7.0,-0.391304347826087,2026-04-02 07:06:00.620800,176.53,3.0,176.52,7.0,176.5,1.0,176.71,7.0,176.72,8.0,176.73,7.0
176.62,176.77,176.695,0.15000000000000568,176.62,3,176.61,1.0,176.77,2,176.78,2.0,-0.21739130434782608,2026-04-02 07:06:01.127062,176.6,1.0,176.59,1.0,176.53,3.0,176.81,4.0,176.85,5.0,176.86,1.0
176.62,176.7,176.66,0.07999999999998408,176.62,2,176.59,4.0,176.7,5,176.73,1.0,0.25925925925925924,2026-04-02 07:06:01.633069,176.53,3.0,176.52,7.0,176.5,1.0,176.75,1.0,176.77,1.0,176.78,2.0
176.68,176.78,176.73000000000002,0.09999999999999432,176.68,2,176.64,1.0,176.78,4,176.79,7.0,-0.2727272727272727,2026-04-02 07:06:02.138915,176.62,2.0,176.59,4.0,176.53,3.0,176.81,4.0,176.85,5.0,176.86,1.0
176.78,176.84,176.81,0.060000000000002274,176.78,1,176.74,3.0,176.84,2,176.89,1.0,-0.037037037037037035,2026-04-02 07:06:02.643402,176.7,4.0,176.68,4.0,176.64,1.0,176.9,9.0,176.91,1.0,176.93,1.0
176.75,176.84,176.79500000000002,0.09000000000000341,176.75,2,176.74,1.0,176.84,1,176.86,1.0,-0.07142857142857142,2026-04-02 07:06:03.148884,176.71,2.0,176.7,4.0,176.68,4.0,176.87,3.0,176.89,1.0,176.9,9.0
176.81,176.87,176.84,0.060000000000002274,176.81,2,176.79,1.0,176.87,3,176.89,1.0,-0.2,2026-04-02 07:06:03.654477,176.76,2.0,176.75,4.0,176.74,1.0,176.9,9.0,176.91,1.0,176.93,1.0
176.89,176.95,176.92,0.060000000000002274,176.89,2,176.88,3.0,176.95,4,176.98,3.0,-0.1724137931034483,2026-04-02 07:06:04.160269,176.82,4.0,176.81,2.0,176.79,1.0,177.0,7.0,177.02,2.0,177.03,1.0
176.87,176.92,176.89499999999998,0.04999999999998295,176.87,1,176.82,4.0,176.92,1,176.95,4.0,-0.25925925925925924,2026-04-02 07:06:04.666354,176.81,2.0,176.79,1.0,176.76,2.0,176.98,3.0,177.0,7.0,177.02,2.0
176.77,176.87,176.82,0.09999999999999432,176.77,1,176.76,2.0,176.87,2,176.9,2.0,-0.25925925925925924,2026-04-02 07:06:05.172615,176.75,4.0,176.74,1.0,176.71,2.0,176.92,6.0,176.95,4.0,176.98,3.0
176.82,176.9,176.86,0.0800000000000125,176.82,3,176.81,1.0,176.9,5,176.92,6.0,-0.35135135135135137,2026-04-02 07:06:05.678919,176.8,4.0,176.77,2.0,176.76,2.0,176.95,4.0,176.98,3.0,177.0,7.0
176.76,176.85,176.805,0.09000000000000341,176.76,3,176.75,4.0,176.85,1,176.87,4.0,0.0,2026-04-02 07:06:06.182628,176.74,1.0,176.71,2.0,176.7,4.0,176.88,3.0,176.89,3.0,176.9,3.0
176.73,176.81,176.76999999999998,0.0800000000000125,176.73,4,176.71,2.0,176.81,2,176.85,3.0,0.0,2026-04-02 07:06:06.685027,176.7,4.0,176.68,4.0,176.64,1.0,176.87,4.0,176.88,3.0,176.89,3.0
176.68,176.74,176.71,0.060000000000002274,176.68,4,176.64,1.0,176.74,3,176.75,1.0,0.16666666666666666,2026-04-02 07:06:07.191080,176.62,2.0,176.59,4.0,176.53,3.0,176.76,3.0,176.78,1.0,176.79,2.0
176.61,176.71,176.66000000000003,0.09999999999999432,176.61,3,176.6,1.0,176.71,4,176.74,4.0,-0.08333333333333333,2026-04-02 07:06:07.697165,176.59,1.0,176.58,3.0,176.53,3.0,176.75,1.0,176.76,3.0,176.78,1.0
176.53,176.6,176.565,0.06999999999999318,176.53,1,176.52,7.0,176.6,5,176.63,3.0,0.14285714285714285,2026-04-02 07:06:08.202625,176.5,1.0,176.48,12.0,176.45,3.0,176.65,4.0,176.68,1.0,176.69,5.0
176.51,176.57,176.54,0.060000000000002274,176.51,2,176.5,1.0,176.57,3,176.59,3.0,0.08108108108108109,2026-04-02 07:06:08.708706,176.48,12.0,176.45,3.0,176.44,2.0,176.6,4.0,176.63,3.0,176.65,4.0
176.48,176.53,176.505,0.05000000000001137,176.48,13,176.45,3.0,176.53,8,176.54,3.0,-0.08695652173913043,2026-04-02 07:06:09.213855,176.44,2.0,176.43,2.0,176.42,1.0,176.55,2.0,176.56,4.0,176.57,8.0
176.32,176.38,176.35,0.060000000000002274,176.32,2,176.3,2.0,176.38,2,176.4,2.0,0.3157894736842105,2026-04-02 07:06:09.720012,176.29,11.0,176.28,7.0,176.27,3.0,176.41,1.0,176.42,2.0,176.43,6.0
176.34,176.39,176.365,0.04999999999998295,176.34,1,176.3,1.0,176.39,4,176.44,1.0,0.2571428571428571,2026-04-02 07:06:10.221615,176.29,10.0,176.28,7.0,176.27,3.0,176.46,1.0,176.47,6.0,176.48,1.0
176.38,176.47,176.425,0.09000000000000341,176.38,1,176.37,1.0,176.47,5,176.48,1.0,0.030303030303030304,2026-04-02 07:06:10.727889,176.33,4.0,176.31,1.0,176.29,10.0,176.5,1.0,176.52,1.0,176.53,8.0
176.38,176.48,176.43,0.09999999999999432,176.38,1,176.37,1.0,176.48,1,176.52,2.0,0.030303030303030304,2026-04-02 07:06:11.232444,176.33,4.0,176.31,1.0,176.29,10.0,176.53,8.0,176.54,3.0,176.55,2.0
176.29,176.33,176.31,0.040000000000020464,176.29,11,176.28,7.0,176.33,2,176.36,5.0,0.21052631578947367,2026-04-02 07:06:11.738592,176.27,3.0,176.26,1.0,176.25,1.0,176.37,3.0,176.39,1.0,176.41,4.0
176.14,176.21,176.175,0.0700000000000216,176.14,3,176.13,1.0,176.21,2,176.22,1.0,0.3,2026-04-02 07:06:12.240928,176.12,2.0,176.11,4.0,176.1,3.0,176.24,2.0,176.25,1.0,176.26,1.0
176.14,176.21,176.175,0.0700000000000216,176.14,1,176.12,2.0,176.21,1,176.22,2.0,-0.037037037037037035,2026-04-02 07:06:12.743338,176.11,4.0,176.1,3.0,176.09,3.0,176.26,2.0,176.27,3.0,176.31,6.0
176.15,176.22,176.185,0.06999999999999318,176.15,3,176.14,1.0,176.22,3,176.23,9.0,-0.15789473684210525,2026-04-02 07:06:13.248958,176.12,5.0,176.11,4.0,176.1,3.0,176.26,1.0,176.27,3.0,176.31,6.0
176.11,176.18,176.145,0.06999999999999318,176.11,8,176.1,3.0,176.18,4,176.22,5.0,0.06382978723404255,2026-04-02 07:06:13.755092,176.09,3.0,176.08,6.0,176.07,5.0,176.23,9.0,176.26,1.0,176.27,3.0
176.12,176.17,176.14499999999998,0.04999999999998295,176.12,2,176.11,8.0,176.17,2,176.18,7.0,-0.043478260869565216,2026-04-02 07:06:14.255650,176.1,3.0,176.09,3.0,176.08,6.0,176.22,5.0,176.23,9.0,176.26,1.0
176.01,176.04,176.02499999999998,0.030000000000001137,176.01,5,175.99,2.0,176.04,1,176.05,1.0,0.12,2026-04-02 07:06:14.761528,175.95,2.0,175.94,3.0,175.92,2.0,176.07,5.0,176.09,3.0,176.1,1.0
176.06,176.1,176.07999999999998,0.03999999999999204,176.06,2,176.05,2.0,176.1,2,176.11,1.0,0.2,2026-04-02 07:06:15.267594,176.02,1.0,176.01,5.0,175.99,2.0,176.13,3.0,176.14,1.0,176.15,1.0
176.06,176.11,176.085,0.05000000000001137,176.06,5,176.05,2.0,176.11,2,176.14,6.0,-0.08571428571428572,2026-04-02 07:06:15.770486,176.02,2.0,176.01,5.0,175.99,2.0,176.15,1.0,176.17,3.0,176.18,7.0
176.06,176.11,176.085,0.05000000000001137,176.06,5,176.05,2.0,176.11,2,176.14,6.0,-0.08571428571428572,2026-04-02 07:06:16.271815,176.02,2.0,176.01,5.0,175.99,2.0,176.15,1.0,176.17,3.0,176.18,7.0
176.23,176.3,176.265,0.0700000000000216,176.23,3,176.22,1.0,176.3,1,176.31,7.0,-0.37142857142857144,2026-04-02 07:06:16.773121,176.19,4.0,176.18,1.0,176.17,2.0,176.32,5.0,176.33,6.0,176.36,5.0
176.16,176.25,176.20499999999998,0.09000000000000341,176.16,2,176.12,1.0,176.25,3,176.26,1.0,-0.22580645161290322,2026-04-02 07:06:17.278447,176.09,1.0,176.08,3.0,176.06,5.0,176.29,4.0,176.31,4.0,176.33,7.0
176.33,176.42,176.375,0.08999999999997499,176.33,5,176.32,1.0,176.42,6,176.44,4.0,-0.16129032258064516,2026-04-02 07:06:17.781596,176.28,4.0,176.27,1.0,176.26,2.0,176.45,1.0,176.48,5.0,176.52,2.0
176.25,176.34,176.29500000000002,0.09000000000000341,176.25,3,176.24,4.0,176.34,1,176.35,4.0,0.043478260869565216,2026-04-02 07:06:18.287331,176.22,2.0,176.21,1.0,176.19,2.0,176.37,1.0,176.38,2.0,176.39,3.0
176.31,176.39,176.35,0.07999999999998408,176.31,3,176.3,1.0,176.39,4,176.4,2.0,-0.26666666666666666,2026-04-02 07:06:18.792058,176.26,3.0,176.25,1.0,176.24,3.0,176.41,3.0,176.42,6.0,176.44,4.0
176.23,176.3,176.265,0.0700000000000216,176.23,1,176.21,1.0,176.3,2,176.32,2.0,0.09090909090909091,2026-04-02 07:06:19.294281,176.19,6.0,176.17,2.0,176.16,2.0,176.33,1.0,176.34,4.0,176.37,1.0
176.19,176.23,176.20999999999998,0.03999999999999204,176.19,6,176.17,2.0,176.23,3,176.24,5.0,-0.14285714285714285,2026-04-02 07:06:19.798556,176.16,2.0,176.12,1.0,176.09,1.0,176.25,3.0,176.26,3.0,176.28,2.0
176.13,176.19,176.16,0.060000000000002274,176.13,1,176.12,1.0,176.19,1,176.2,2.0,-0.15384615384615385,2026-04-02 07:06:20.304960,176.09,1.0,176.08,3.0,176.06,5.0,176.21,2.0,176.23,5.0,176.24,5.0
176.1,176.17,176.135,0.06999999999999318,176.1,2,176.09,1.0,176.17,3,176.18,4.0,-0.1875,2026-04-02 07:06:20.809583,176.08,3.0,176.06,5.0,176.05,2.0,176.22,4.0,176.24,5.0,176.25,3.0
175.95,176.04,175.995,0.09000000000000341,175.95,1,175.92,5.0,176.04,1,176.07,1.0,-0.037037037037037035,2026-04-02 07:06:21.314151,175.88,2.0,175.87,2.0,175.86,3.0,176.09,4.0,176.12,5.0,176.14,3.0
176.08,176.14,176.11,0.05999999999997385,176.08,2,176.04,4.0,176.14,1,176.15,1.0,0.16666666666666666,2026-04-02 07:06:21.820450,176.02,3.0,176.01,2.0,176.0,3.0,176.16,3.0,176.17,3.0,176.19,2.0
176.05,176.12,176.085,0.06999999999999318,176.05,1,176.04,4.0,176.12,1,176.13,1.0,0.18181818181818182,2026-04-02 07:06:22.324260,176.02,3.0,176.01,2.0,176.0,3.0,176.14,1.0,176.15,1.0,176.16,5.0
176.07,176.17,176.12,0.09999999999999432,176.07,1,176.06,1.0,176.17,3,176.19,3.0,-0.02702702702702703,2026-04-02 07:06:22.830487,176.05,1.0,176.04,13.0,176.03,2.0,176.2,4.0,176.22,4.0,176.24,5.0
175.94,176.0,175.97,0.060000000000002274,175.94,2,175.92,5.0,176.0,2,176.05,1.0,0.16666666666666666,2026-04-02 07:06:23.331718,175.88,2.0,175.87,2.0,175.86,3.0,176.1,2.0,176.11,2.0,176.12,3.0
175.92,175.96,175.94,0.040000000000020464,175.92,6,175.88,2.0,175.96,4,175.99,1.0,0.2857142857142857,2026-04-02 07:06:23.836531,175.87,2.0,175.86,3.0,175.85,5.0,176.0,2.0,176.05,1.0,176.1,2.0
175.93,175.99,175.96,0.060000000000002274,175.93,2,175.92,5.0,175.99,1,176.0,8.0,0.0,2026-04-02 07:06:24.338056,175.88,2.0,175.87,2.0,175.86,3.0,176.05,1.0,176.1,2.0,176.11,2.0
175.81,175.86,175.835,0.05000000000001137,175.81,5,175.75,4.0,175.86,1,175.89,4.0,0.13333333333333333,2026-04-02 07:06:24.841537,175.63,5.0,175.57,3.0,,,175.91,3.0,175.94,3.0,175.95,2.0
175.85,175.9,175.875,0.05000000000001137,175.85,1,175.84,2.0,175.9,1,175.91,2.0,0.6619718309859155,2026-04-02 07:06:25.343337,175.82,1.0,175.81,2.0,175.8,53.0,175.93,3.0,175.94,4.0,175.95,2.0
175.95,175.99,175.97,0.040000000000020464,175.95,3,175.93,2.0,175.99,5,176.0,8.0,-0.16129032258064516,2026-04-02 07:06:25.844654,175.92,3.0,175.89,1.0,175.88,4.0,176.05,1.0,176.1,2.0,176.11,2.0
175.85,175.95,175.89999999999998,0.09999999999999432,175.85,2,175.83,1.0,175.95,2,175.96,1.0,0.5733333333333334,2026-04-02 07:06:26.349181,175.82,1.0,175.81,2.0,175.8,53.0,175.98,1.0,175.99,4.0,176.0,8.0
175.85,175.95,175.89999999999998,0.09999999999999432,175.85,3,175.83,1.0,175.95,3,175.96,1.0,0.5584415584415584,2026-04-02 07:06:26.853545,175.82,1.0,175.81,2.0,175.8,53.0,175.98,1.0,175.99,4.0,176.0,8.0
175.85,175.94,175.89499999999998,0.09000000000000341,175.85,4,175.83,1.0,175.94,3,175.95,4.0,0.6486486486486487,2026-04-02 07:06:27.355793,175.82,1.0,175.81,2.0,175.8,53.0,175.96,1.0,175.98,1.0,175.99,4.0
175.88,175.95,175.915,0.06999999999999318,175.88,3,175.87,14.0,175.95,3,175.96,1.0,0.24444444444444444,2026-04-02 07:06:27.858440,175.86,3.0,175.85,7.0,175.83,1.0,175.98,1.0,175.99,4.0,176.0,8.0
175.87,175.93,175.9,0.060000000000002274,175.87,11,175.86,3.0,175.93,1,175.95,10.0,0.12195121951219512,2026-04-02 07:06:28.360624,175.85,7.0,175.83,1.0,175.82,1.0,175.97,2.0,175.98,1.0,175.99,4.0
175.87,175.92,175.89499999999998,0.04999999999998295,175.87,11,175.85,7.0,175.92,1,175.93,8.0,0.0,2026-04-02 07:06:28.861968,175.83,1.0,175.82,1.0,175.81,2.0,175.95,10.0,175.97,2.0,175.98,1.0
175.85,175.9,175.875,0.05000000000001137,175.85,7,175.83,1.0,175.9,2,175.91,2.0,0.45454545454545453,2026-04-02 07:06:29.364017,175.82,1.0,175.81,2.0,175.8,53.0,175.93,8.0,175.95,10.0,175.97,2.0
175.87,175.95,175.91,0.07999999999998408,175.87,3,175.86,2.0,175.95,7,175.97,2.0,-0.2571428571428571,2026-04-02 07:06:29.865308,175.85,6.0,175.83,1.0,175.82,1.0,175.98,1.0,175.99,4.0,176.0,8.0
175.81,175.85,175.82999999999998,0.03999999999999204,175.81,7,175.8,53.0,175.85,4,175.86,3.0,0.6744186046511628,2026-04-02 07:06:30.367007,175.75,4.0,175.63,5.0,175.57,3.0,175.87,3.0,175.9,2.0,175.94,2.0
175.77,175.82,175.79500000000002,0.04999999999998295,175.77,3,175.75,4.0,175.82,1,175.83,2.0,0.034482758620689655,2026-04-02 07:06:30.871044,175.63,5.0,175.57,3.0,,,175.84,3.0,175.85,5.0,175.86,3.0
175.73,175.79,175.76,0.060000000000002274,175.73,2,175.68,3.0,175.79,9,175.8,1.0,-0.23076923076923078,2026-04-02 07:06:31.373215,175.67,2.0,175.65,2.0,175.64,1.0,175.82,1.0,175.83,2.0,175.84,3.0
175.78,175.83,175.805,0.05000000000001137,175.78,1,175.77,1.0,175.83,1,175.84,2.0,-0.13043478260869565,2026-04-02 07:06:31.876419,175.74,3.0,175.73,2.0,175.68,3.0,175.85,4.0,175.86,3.0,175.87,3.0
175.84,175.94,175.89,0.09999999999999432,175.84,3,175.83,1.0,175.94,2,175.95,7.0,-0.06666666666666667,2026-04-02 07:06:32.378682,175.82,3.0,175.81,3.0,175.8,4.0,175.97,2.0,175.98,1.0,175.99,4.0
175.72,175.78,175.75,0.060000000000002274,175.72,2,175.71,4.0,175.78,2,175.8,1.0,0.2727272727272727,2026-04-02 07:06:32.884948,175.69,5.0,175.68,1.0,175.67,2.0,175.81,2.0,175.83,1.0,175.84,2.0
175.6,175.69,175.64499999999998,0.09000000000000341,175.6,3,175.57,3.0,175.69,1,175.7,2.0,-0.2,2026-04-02 07:06:33.386585,,,,,,,175.71,1.0,175.72,2.0,175.75,3.0
175.6,175.67,175.635,0.06999999999999318,175.6,6,175.57,3.0,175.67,6,175.68,1.0,-0.14285714285714285,2026-04-02 07:06:33.892718,,,,,,,175.7,2.0,175.71,1.0,175.72,2.0
175.57,175.62,175.595,0.05000000000001137,175.57,4,,,175.62,3,175.64,4.0,-0.6363636363636364,2026-04-02 07:06:34.398329,,,,,,,175.65,3.0,175.67,7.0,175.68,1.0
175.32,175.41,175.365,0.09000000000000341,175.32,3,,,175.41,2,175.43,1.0,-0.625,2026-04-02 07:06:34.902569,,,,,,,175.45,3.0,175.46,4.0,175.47,3.0
175.22,175.29,175.255,0.06999999999999318,175.22,4,175.2,10.0,175.29,4,175.32,9.0,-0.1794871794871795,2026-04-02 07:06:35.408918,175.19,2.0,,,,,175.33,6.0,175.35,3.0,175.36,1.0
175.2,175.27,175.235,0.0700000000000216,175.2,11,175.19,2.0,175.27,2,175.29,9.0,-0.2777777777777778,2026-04-02 07:06:35.915162,,,,,,,175.31,2.0,175.32,4.0,175.33,6.0
175.18,175.23,175.20499999999998,0.04999999999998295,175.18,5,,,175.23,5,175.25,3.0,-0.47368421052631576,2026-04-02 07:06:36.421411,,,,,,,175.26,2.0,175.27,1.0,175.28,3.0
175.25,175.29,175.26999999999998,0.03999999999999204,175.25,5,175.23,4.0,175.29,1,175.3,4.0,-0.0625,2026-04-02 07:06:36.923039,175.22,1.0,175.18,5.0,,,175.31,2.0,175.32,4.0,175.33,6.0
175.32,175.35,175.33499999999998,0.030000000000001137,175.32,3,175.31,4.0,175.35,3,175.36,1.0,0.18181818181818182,2026-04-02 07:06:37.426512,175.29,2.0,175.28,3.0,175.27,1.0,175.37,2.0,175.38,2.0,175.39,1.0
175.33,175.38,175.35500000000002,0.04999999999998295,175.33,2,175.32,6.0,175.38,1,175.41,1.0,0.25925925925925924,2026-04-02 07:06:37.929763,175.31,4.0,175.29,2.0,175.28,3.0,175.43,1.0,175.45,3.0,175.46,4.0
175.31,175.37,175.34,0.060000000000002274,175.31,2,175.25,5.0,175.37,1,175.38,3.0,0.3076923076923077,2026-04-02 07:06:38.432452,175.23,4.0,175.22,1.0,175.18,5.0,175.41,1.0,175.43,1.0,175.45,3.0
175.33,175.38,175.35500000000002,0.04999999999998295,175.33,5,175.32,1.0,175.38,3,175.41,1.0,0.04,2026-04-02 07:06:38.937058,175.31,1.0,175.27,1.0,175.25,5.0,175.43,1.0,175.45,3.0,175.46,4.0
175.39,175.45,175.42,0.060000000000002274,175.39,1,175.36,1.0,175.45,2,175.46,4.0,0.1724137931034483,2026-04-02 07:06:39.442841,175.35,1.0,175.34,4.0,175.33,10.0,175.48,1.0,175.49,2.0,175.5,3.0
175.41,175.5,175.45499999999998,0.09000000000000341,175.41,3,175.4,3.0,175.5,4,175.51,1.0,-0.05,2026-04-02 07:06:39.945336,175.37,11.0,175.36,1.0,175.35,1.0,175.52,1.0,175.53,8.0,175.54,7.0
175.44,175.53,175.485,0.09000000000000341,175.44,1,175.42,2.0,175.53,4,175.54,5.0,-0.06976744186046512,2026-04-02 07:06:40.448345,175.41,3.0,175.4,3.0,175.37,11.0,175.55,5.0,175.56,3.0,175.58,6.0
175.47,175.53,175.5,0.060000000000002274,175.47,1,175.46,1.0,175.53,2,175.54,2.0,-0.3,2026-04-02 07:06:40.950477,175.45,2.0,175.44,1.0,175.42,2.0,175.56,3.0,175.57,3.0,175.59,3.0
175.49,175.6,175.54500000000002,0.10999999999998522,175.49,3,175.48,2.0,175.6,3,175.62,3.0,-0.3333333333333333,2026-04-02 07:06:41.453181,175.47,2.0,175.46,1.0,175.45,2.0,175.64,4.0,175.65,3.0,175.67,7.0
175.49,175.56,175.525,0.06999999999999318,175.49,4,175.48,2.0,175.56,1,175.57,3.0,-0.12,2026-04-02 07:06:41.957102,175.47,2.0,175.46,1.0,175.45,2.0,175.6,3.0,175.62,3.0,175.64,4.0
175.53,175.63,175.57999999999998,0.09999999999999432,175.53,3,175.52,1.0,175.63,4,175.64,4.0,-0.22580645161290322,2026-04-02 07:06:42.460112,175.51,2.0,175.5,2.0,175.49,4.0,175.65,3.0,175.67,7.0,175.68,1.0
175.52,175.6,175.56,0.07999999999998408,175.52,3,175.5,2.0,175.6,1,175.61,2.0,0.3,2026-04-02 07:06:42.962741,175.49,4.0,175.48,2.0,175.47,2.0,175.63,1.0,175.67,1.0,175.69,2.0
175.54,175.63,175.58499999999998,0.09000000000000341,175.54,3,175.53,1.0,175.63,5,175.65,2.0,0.08333333333333333,2026-04-02 07:06:43.468317,175.52,3.0,175.5,2.0,175.49,4.0,175.67,1.0,175.69,2.0,175.7,1.0
175.63,175.72,175.675,0.09000000000000341,175.63,2,175.6,3.0,175.72,1,175.73,2.0,0.09090909090909091,2026-04-02 07:06:43.974007,175.59,1.0,175.55,3.0,175.54,3.0,175.74,2.0,175.75,3.0,175.78,2.0
175.66,175.72,175.69,0.060000000000002274,175.66,1,175.63,2.0,175.72,3,175.73,3.0,-0.16666666666666666,2026-04-02 07:06:44.479954,175.6,3.0,175.59,1.0,175.55,3.0,175.74,3.0,175.75,3.0,175.78,2.0
175.57,175.66,175.615,0.09000000000000341,175.57,1,175.55,3.0,175.66,1,175.71,5.0,-0.12,2026-04-02 07:06:44.986117,175.54,3.0,175.53,1.0,175.52,3.0,175.72,2.0,175.73,3.0,175.74,3.0
175.58,175.66,175.62,0.07999999999998408,175.58,3,175.57,2.0,175.66,2,175.71,5.0,-0.15384615384615385,2026-04-02 07:06:45.492403,175.54,3.0,175.51,1.0,175.5,2.0,175.72,2.0,175.73,3.0,175.74,3.0
175.57,175.7,175.635,0.12999999999999545,175.57,2,175.54,3.0,175.7,5,175.71,5.0,-0.2,2026-04-02 07:06:45.994210,175.51,1.0,175.5,2.0,175.49,4.0,175.72,2.0,175.73,3.0,175.74,3.0
175.6,175.7,175.64999999999998,0.09999999999999432,175.6,3,175.59,3.0,175.7,5,175.71,5.0,-0.2,2026-04-02 07:06:46.495942,175.57,1.0,175.56,3.0,175.54,2.0,175.72,2.0,175.73,3.0,175.74,3.0
175.59,175.66,175.625,0.06999999999999318,175.59,1,175.57,4.0,175.66,2,175.69,1.0,-0.12,2026-04-02 07:06:46.997495,175.56,3.0,175.54,2.0,175.51,1.0,175.7,4.0,175.71,5.0,175.72,2.0
175.68,175.74,175.71,0.060000000000002274,175.68,1,175.66,2.0,175.74,3,175.75,3.0,-0.15789473684210525,2026-04-02 07:06:47.502074,175.64,1.0,175.61,3.0,175.6,1.0,175.78,2.0,175.8,1.0,175.81,2.0
175.66,175.74,175.7,0.0800000000000125,175.66,1,175.64,1.0,175.74,2,175.75,3.0,-0.2631578947368421,2026-04-02 07:06:48.005245,175.61,3.0,175.6,1.0,175.59,1.0,175.77,3.0,175.78,3.0,175.8,1.0
175.79,175.85,175.82,0.060000000000002274,175.79,1,175.75,1.0,175.85,4,175.91,1.0,-0.16666666666666666,2026-04-02 07:06:48.511466,175.71,5.0,175.7,6.0,175.66,2.0,175.94,7.0,175.95,7.0,175.97,2.0
175.73,175.78,175.755,0.05000000000001137,175.73,3,175.72,3.0,175.78,2,175.79,1.0,0.0,2026-04-02 07:06:49.016575,175.7,2.0,175.67,3.0,175.65,1.0,175.82,2.0,175.83,3.0,175.85,4.0
175.65,175.7,175.675,0.04999999999998295,175.65,3,175.62,4.0,175.7,2,175.73,3.0,-0.034482758620689655,2026-04-02 07:06:49.522997,175.6,2.0,175.59,1.0,175.57,4.0,175.76,3.0,175.77,4.0,175.78,3.0
175.62,175.73,175.675,0.10999999999998522,175.62,3,175.6,2.0,175.73,4,175.76,3.0,-0.07142857142857142,2026-04-02 07:06:50.026582,175.59,1.0,175.57,4.0,175.56,3.0,175.77,4.0,175.78,3.0,175.79,1.0
175.64,175.73,175.685,0.09000000000000341,175.64,1,175.62,3.0,175.73,5,175.76,3.0,-0.18518518518518517,2026-04-02 07:06:50.531172,175.6,2.0,175.59,1.0,175.57,4.0,175.77,4.0,175.78,3.0,175.79,1.0
175.66,175.76,175.70999999999998,0.09999999999999432,175.66,4,175.64,2.0,175.76,2,175.77,2.0,0.18181818181818182,2026-04-02 07:06:51.034690,175.63,2.0,175.62,3.0,175.6,2.0,175.78,2.0,175.79,1.0,175.82,2.0
175.66,175.77,175.715,0.11000000000001364,175.66,3,175.64,2.0,175.77,2,175.78,2.0,0.09090909090909091,2026-04-02 07:06:51.537493,175.63,2.0,175.62,3.0,175.6,2.0,175.79,1.0,175.82,2.0,175.83,3.0
175.66,175.76,175.70999999999998,0.09999999999999432,175.66,2,175.64,2.0,175.76,4,175.77,3.0,-0.18518518518518517,2026-04-02 07:06:52.043677,175.63,2.0,175.62,3.0,175.6,2.0,175.78,2.0,175.8,2.0,175.81,5.0
175.63,175.69,175.66,0.060000000000002274,175.63,4,175.62,3.0,175.69,3,175.71,3.0,0.0,2026-04-02 07:06:52.545568,175.6,2.0,175.59,1.0,175.57,4.0,175.72,1.0,175.76,4.0,175.77,3.0
175.64,175.72,175.68,0.0800000000000125,175.64,2,175.63,4.0,175.72,3,175.76,4.0,-0.07692307692307693,2026-04-02 07:06:53.046462,175.62,3.0,175.6,2.0,175.59,1.0,175.77,3.0,175.78,2.0,175.8,2.0
175.61,175.66,175.635,0.04999999999998295,175.61,1,175.6,2.0,175.66,2,175.67,5.0,-0.08333333333333333,2026-04-02 07:06:53.551903,175.59,1.0,175.57,4.0,175.56,3.0,175.69,1.0,175.7,2.0,175.72,3.0
175.61,175.66,175.635,0.04999999999998295,175.61,1,175.6,5.0,175.66,3,175.67,5.0,0.0,2026-04-02 07:06:54.058453,175.59,1.0,175.57,4.0,175.56,3.0,175.69,1.0,175.7,2.0,175.72,3.0
175.6,175.68,175.64,0.0800000000000125,175.6,5,175.59,1.0,175.68,1,175.69,3.0,0.0,2026-04-02 07:06:54.561563,175.57,4.0,175.56,3.0,175.54,2.0,175.7,4.0,175.72,3.0,175.76,4.0
175.62,175.69,175.655,0.06999999999999318,175.62,3,175.61,1.0,175.69,1,175.71,1.0,0.037037037037037035,2026-04-02 07:06:55.063850,175.6,5.0,175.59,1.0,175.57,4.0,175.72,4.0,175.76,4.0,175.77,3.0
175.59,175.62,175.60500000000002,0.030000000000001137,175.59,2,175.57,4.0,175.62,4,175.63,2.0,-0.1111111111111111,2026-04-02 07:06:55.566264,175.56,3.0,175.54,2.0,175.51,1.0,175.64,3.0,175.66,3.0,175.7,3.0
175.59,175.63,175.61,0.03999999999999204,175.59,1,175.58,1.0,175.63,1,175.64,2.0,0.15789473684210525,2026-04-02 07:06:56.068585,175.57,4.0,175.56,3.0,175.54,2.0,175.65,1.0,175.66,1.0,175.7,3.0
175.51,175.57,175.54,0.060000000000002274,175.51,3,175.5,2.0,175.57,2,175.58,4.0,0.08333333333333333,2026-04-02 07:06:56.570779,175.49,4.0,175.48,2.0,175.47,2.0,175.6,1.0,175.61,3.0,175.62,1.0
175.51,175.6,175.555,0.09000000000000341,175.51,3,175.5,2.0,175.6,4,175.61,3.0,-0.037037037037037035,2026-04-02 07:06:57.076138,175.49,4.0,175.48,2.0,175.47,2.0,175.62,1.0,175.63,4.0,175.64,2.0
175.51,175.59,175.55,0.0800000000000125,175.51,3,175.5,2.0,175.59,3,175.6,4.0,-0.07142857142857142,2026-04-02 07:06:57.577786,175.49,4.0,175.48,2.0,175.47,2.0,175.61,3.0,175.62,1.0,175.63,4.0
175.5,175.57,175.535,0.06999999999999318,175.5,8,175.49,4.0,175.57,1,175.58,2.0,0.1724137931034483,2026-04-02 07:06:58.078320,175.48,2.0,175.47,2.0,175.46,1.0,175.59,2.0,175.6,4.0,175.61,3.0
175.52,175.59,175.555,0.06999999999999318,175.52,2,175.5,8.0,175.59,2,175.6,4.0,0.125,2026-04-02 07:06:58.584475,175.49,4.0,175.48,2.0,175.47,2.0,175.61,3.0,175.62,1.0,175.63,4.0
175.5,175.57,175.535,0.06999999999999318,175.5,4,175.49,4.0,175.57,1,175.58,3.0,-0.13333333333333333,2026-04-02 07:06:59.087294,175.48,2.0,175.47,2.0,175.46,1.0,175.59,6.0,175.6,4.0,175.61,3.0
175.5,175.56,175.53,0.060000000000002274,175.5,5,175.49,4.0,175.56,1,175.57,2.0,0.12,2026-04-02 07:06:59.593745,175.48,2.0,175.47,2.0,175.46,1.0,175.58,1.0,175.59,3.0,175.6,4.0
175.55,175.6,175.575,0.04999999999998295,175.55,1,175.51,7.0,175.6,5,175.61,3.0,0.16666666666666666,2026-04-02 07:07:00.100098,175.5,7.0,175.49,4.0,175.48,2.0,175.62,1.0,175.63,4.0,175.64,2.0
175.5,175.55,175.525,0.05000000000001137,175.5,5,175.49,4.0,175.55,1,175.58,3.0,-0.06666666666666667,2026-04-02 07:07:00.606399,175.48,2.0,175.47,2.0,175.46,1.0,175.59,4.0,175.6,5.0,175.61,3.0
175.43,175.47,175.45,0.03999999999999204,175.43,1,175.42,2.0,175.47,2,175.48,1.0,0.3793103448275862,2026-04-02 07:07:01.108465,175.41,3.0,175.4,3.0,175.37,11.0,175.49,2.0,175.5,2.0,175.51,2.0
175.41,175.44,175.425,0.030000000000001137,175.41,3,175.4,3.0,175.44,1,175.45,1.0,0.35714285714285715,2026-04-02 07:07:01.614811,175.37,11.0,175.36,1.0,175.35,1.0,175.46,2.0,175.47,4.0,175.48,1.0
175.36,175.39,175.375,0.029999999999972715,175.36,1,175.35,1.0,175.39,1,175.41,3.0,0.25925925925925924,2026-04-02 07:07:02.121096,175.34,4.0,175.33,10.0,175.32,1.0,175.42,2.0,175.43,2.0,175.44,2.0
175.4,175.45,175.425,0.04999999999998295,175.4,1,175.39,8.0,175.45,3,175.46,1.0,0.18181818181818182,2026-04-02 07:07:02.624849,175.38,1.0,175.37,2.0,175.36,1.0,175.49,1.0,175.5,2.0,175.51,2.0
175.4,175.45,175.425,0.04999999999998295,175.4,1,175.39,1.0,175.45,3,175.46,1.0,0.0,2026-04-02 07:07:03.125920,175.37,5.0,175.36,1.0,175.35,1.0,175.49,1.0,175.5,2.0,175.51,2.0
175.4,175.45,175.425,0.04999999999998295,175.4,1,175.39,1.0,175.45,1,175.46,5.0,-0.1,2026-04-02 07:07:03.632085,175.37,5.0,175.36,1.0,175.35,1.0,175.49,1.0,175.5,2.0,175.51,2.0
175.41,175.45,175.43,0.03999999999999204,175.41,1,175.4,1.0,175.45,2,175.46,5.0,-0.14285714285714285,2026-04-02 07:07:04.133840,175.39,1.0,175.37,5.0,175.36,1.0,175.49,1.0,175.5,2.0,175.51,2.0
175.41,175.44,175.425,0.030000000000001137,175.41,1,175.4,1.0,175.44,3,175.45,2.0,0.058823529411764705,2026-04-02 07:07:04.635307,175.39,1.0,175.37,5.0,175.36,1.0,175.46,1.0,175.47,1.0,175.49,1.0
175.42,175.46,175.44,0.040000000000020464,175.42,2,175.4,1.0,175.46,1,175.47,1.0,-0.13043478260869565,2026-04-02 07:07:05.141584,175.39,1.0,175.37,5.0,175.36,1.0,175.48,2.0,175.5,7.0,175.51,2.0
175.43,175.47,175.45,0.03999999999999204,175.43,1,175.42,2.0,175.47,2,175.48,2.0,-0.16666666666666666,2026-04-02 07:07:05.647938,175.4,1.0,175.39,1.0,175.37,5.0,175.5,7.0,175.51,2.0,175.52,1.0
175.49,175.59,175.54000000000002,0.09999999999999432,175.49,1,175.48,1.0,175.59,2,175.6,5.0,-0.5,2026-04-02 07:07:06.151930,175.46,1.0,175.45,1.0,175.43,1.0,175.61,3.0,175.62,1.0,175.63,4.0
175.5,175.57,175.535,0.06999999999999318,175.5,2,175.49,2.0,175.57,1,175.59,4.0,-0.3333333333333333,2026-04-02 07:07:06.658273,175.48,1.0,175.46,1.0,175.45,1.0,175.6,5.0,175.61,3.0,175.62,1.0
175.48,175.54,175.51,0.060000000000002274,175.48,3,175.47,1.0,175.54,3,175.57,4.0,-0.46153846153846156,2026-04-02 07:07:07.161215,175.46,1.0,175.45,1.0,175.43,1.0,175.59,4.0,175.6,5.0,175.61,3.0
175.49,175.55,175.52,0.060000000000002274,175.49,1,175.48,1.0,175.55,5,175.56,4.0,-0.5454545454545454,2026-04-02 07:07:07.663803,175.47,1.0,175.46,1.0,175.45,1.0,175.57,2.0,175.58,2.0,175.59,4.0
175.65,175.7,175.675,0.04999999999998295,175.65,1,175.64,3.0,175.7,4,175.72,1.0,-0.12,2026-04-02 07:07:08.167450,175.6,3.0,175.59,1.0,175.57,3.0,175.73,2.0,175.76,4.0,175.77,3.0
175.66,175.74,175.7,0.0800000000000125,175.66,3,175.63,3.0,175.74,5,175.77,1.0,-0.6119402985074627,2026-04-02 07:07:08.673628,175.6,3.0,175.59,1.0,175.57,3.0,175.79,4.0,175.8,39.0,175.81,5.0
175.71,175.77,175.74,0.060000000000002274,175.71,2,175.7,1.0,175.77,3,175.79,4.0,-0.6507936507936508,2026-04-02 07:07:09.179944,175.67,2.0,175.66,3.0,175.63,3.0,175.8,39.0,175.81,5.0,175.82,1.0
175.8,175.87,175.835,0.06999999999999318,175.8,2,175.79,3.0,175.87,2,175.88,4.0,-0.12,2026-04-02 07:07:09.683005,175.78,2.0,175.77,2.0,175.76,2.0,175.89,2.0,175.9,5.0,175.91,1.0
175.87,175.96,175.91500000000002,0.09000000000000341,175.87,3,175.86,4.0,175.96,5,175.97,4.0,-0.2222222222222222,2026-04-02 07:07:10.186488,175.84,3.0,175.82,1.0,175.81,3.0,175.98,1.0,175.99,4.0,176.0,8.0
175.84,175.92,175.88,0.07999999999998408,175.84,4,175.82,1.0,175.92,2,175.93,1.0,0.0,2026-04-02 07:07:10.692918,175.81,3.0,175.79,3.0,175.78,2.0,175.94,3.0,175.95,3.0,175.96,4.0
175.84,175.88,175.86,0.03999999999999204,175.84,4,175.82,1.0,175.88,3,175.89,2.0,0.04,2026-04-02 07:07:11.195922,175.81,3.0,175.79,3.0,175.78,2.0,175.9,2.0,175.92,2.0,175.93,3.0
175.85,175.89,175.87,0.03999999999999204,175.85,2,175.84,5.0,175.89,1,175.9,2.0,0.12,2026-04-02 07:07:11.697372,175.82,1.0,175.81,3.0,175.79,3.0,175.92,2.0,175.93,3.0,175.94,3.0
175.93,175.98,175.95499999999998,0.04999999999998295,175.93,2,175.91,1.0,175.98,2,175.99,8.0,-0.2727272727272727,2026-04-02 07:07:12.202333,175.9,4.0,175.89,2.0,175.88,3.0,176.0,8.0,176.05,1.0,176.1,2.0
175.93,175.98,175.95499999999998,0.04999999999998295,175.93,1,175.92,2.0,175.98,4,175.99,8.0,-0.35294117647058826,2026-04-02 07:07:12.706156,175.9,3.0,175.89,2.0,175.88,3.0,176.0,8.0,176.05,1.0,176.1,2.0
175.85,175.89,175.87,0.03999999999999204,175.85,3,175.84,4.0,175.89,3,175.94,1.0,0.07692307692307693,2026-04-02 07:07:13.211754,175.82,1.0,175.81,3.0,175.79,3.0,175.95,2.0,175.96,3.0,175.97,3.0
175.81,175.87,175.84,0.060000000000002274,175.81,1,175.79,7.0,175.87,9,175.88,1.0,-0.0625,2026-04-02 07:07:13.717894,175.78,2.0,175.77,3.0,175.76,2.0,175.89,4.0,175.92,2.0,175.94,1.0
175.81,175.89,175.85,0.07999999999998408,175.81,4,175.79,7.0,175.89,5,175.92,2.0,0.16129032258064516,2026-04-02 07:07:14.221079,175.78,2.0,175.77,3.0,175.76,2.0,175.94,1.0,175.95,2.0,175.96,3.0
175.78,175.85,175.815,0.06999999999999318,175.78,2,175.77,6.0,175.85,4,175.86,3.0,-0.03225806451612903,2026-04-02 07:07:14.726748,175.76,2.0,175.75,1.0,175.72,4.0,175.87,2.0,175.89,5.0,175.92,2.0
175.63,175.71,175.67000000000002,0.0800000000000125,175.63,4,175.6,3.0,175.71,4,175.72,6.0,-0.25,2026-04-02 07:07:15.233122,175.59,1.0,175.57,3.0,175.56,1.0,175.74,1.0,175.75,6.0,175.76,3.0
175.61,175.68,175.645,0.06999999999999318,175.61,2,175.6,3.0,175.68,2,175.69,3.0,-0.09090909090909091,2026-04-02 07:07:15.739411,175.59,1.0,175.57,3.0,175.56,1.0,175.7,2.0,175.72,1.0,175.74,4.0
175.45,175.52,175.485,0.0700000000000216,175.45,2,175.44,4.0,175.52,6,175.53,4.0,-0.4117647058823529,2026-04-02 07:07:16.241935,175.42,2.0,175.4,1.0,175.39,1.0,175.54,5.0,175.56,6.0,175.57,3.0
175.37,175.43,175.4,0.060000000000002274,175.37,7,175.36,1.0,175.43,3,175.44,1.0,0.24324324324324326,2026-04-02 07:07:16.748172,175.35,1.0,175.34,4.0,175.33,10.0,175.46,2.0,175.47,2.0,175.49,6.0
175.37,175.43,175.4,0.060000000000002274,175.37,10,175.36,1.0,175.43,3,175.44,1.0,0.3,2026-04-02 07:07:17.252077,175.35,1.0,175.34,4.0,175.33,10.0,175.46,2.0,175.47,2.0,175.49,6.0
175.48,175.56,175.51999999999998,0.0800000000000125,175.48,3,175.47,1.0,175.56,4,175.57,3.0,0.07142857142857142,2026-04-02 07:07:17.758376,175.46,1.0,175.44,6.0,175.43,4.0,175.58,1.0,175.59,2.0,175.6,3.0
175.44,175.5,175.47,0.060000000000002274,175.44,3,175.43,4.0,175.5,2,175.52,2.0,0.2,2026-04-02 07:07:18.263919,175.42,6.0,175.41,4.0,175.4,1.0,175.53,2.0,175.56,3.0,175.57,3.0
175.42,175.48,175.45,0.060000000000002274,175.42,2,175.4,1.0,175.48,4,175.49,2.0,0.09090909090909091,2026-04-02 07:07:18.770052,175.39,3.0,175.38,1.0,175.37,11.0,175.52,3.0,175.53,1.0,175.56,5.0
175.38,175.43,175.405,0.05000000000001137,175.38,2,175.37,1.0,175.43,1,175.45,3.0,0.0,2026-04-02 07:07:19.275584,175.36,1.0,175.35,3.0,175.34,4.0,175.46,3.0,175.48,1.0,175.49,3.0
175.33,175.39,175.36,0.05999999999997385,175.33,8,175.32,1.0,175.39,5,175.41,4.0,0.03225806451612903,2026-04-02 07:07:19.781550,175.31,1.0,175.27,1.0,175.25,5.0,175.43,1.0,175.45,2.0,175.46,3.0
175.31,175.38,175.345,0.06999999999999318,175.31,2,175.27,1.0,175.38,3,175.39,3.0,-0.07142857142857142,2026-04-02 07:07:20.287501,175.25,5.0,175.23,4.0,175.22,1.0,175.4,3.0,175.42,4.0,175.45,2.0
175.35,175.37,175.36,0.020000000000010232,175.35,2,175.32,3.0,175.37,5,175.41,7.0,0.023255813953488372,2026-04-02 07:07:20.788934,175.31,3.0,175.3,13.0,175.27,1.0,175.43,6.0,175.45,2.0,175.46,1.0
175.4,175.46,175.43,0.060000000000002274,175.4,1,175.39,3.0,175.46,4,175.47,5.0,-0.06666666666666667,2026-04-02 07:07:21.292082,175.36,4.0,175.35,3.0,175.32,3.0,175.48,1.0,175.49,3.0,175.52,3.0
175.31,175.39,175.35,0.07999999999998408,175.31,4,175.3,12.0,175.39,5,175.4,1.0,0.04,2026-04-02 07:07:21.797944,175.27,1.0,175.25,5.0,175.23,4.0,175.43,7.0,175.44,4.0,175.46,7.0
175.4,175.43,175.41500000000002,0.030000000000001137,175.4,3,175.39,2.0,175.43,7,175.44,4.0,0.04,2026-04-02 07:07:22.302284,175.33,3.0,175.31,6.0,175.3,12.0,175.46,7.0,175.47,5.0,175.48,1.0
175.33,175.37,175.35000000000002,0.03999999999999204,175.33,1,175.31,6.0,175.37,1,175.4,2.0,0.3157894736842105,2026-04-02 07:07:22.808455,175.3,12.0,175.27,1.0,175.25,5.0,175.42,1.0,175.43,5.0,175.44,4.0
175.3,175.37,175.335,0.06999999999999318,175.3,1,175.28,6.0,175.37,6,175.4,2.0,-0.02857142857142857,2026-04-02 07:07:23.309214,175.27,1.0,175.25,5.0,175.23,4.0,175.42,1.0,175.43,5.0,175.44,4.0
175.3,175.36,175.33,0.060000000000002274,175.3,1,175.29,1.0,175.36,5,175.37,5.0,-0.125,2026-04-02 07:07:23.815365,175.28,6.0,175.27,1.0,175.25,5.0,175.4,2.0,175.42,1.0,175.43,5.0
175.28,175.34,175.31,0.060000000000002274,175.28,3,175.27,3.0,175.34,2,175.36,5.0,-0.1111111111111111,2026-04-02 07:07:24.318746,175.26,2.0,175.25,1.0,175.24,3.0,175.37,5.0,175.4,2.0,175.42,1.0
175.22,175.25,175.235,0.030000000000001137,175.22,3,175.18,5.0,175.25,6,175.27,4.0,-0.5428571428571428,2026-04-02 07:07:24.822085,,,,,,,175.3,7.0,175.31,2.0,175.32,8.0
175.15,175.24,175.195,0.09000000000000341,175.15,5,175.13,3.0,175.24,1,175.25,3.0,0.0625,2026-04-02 07:07:25.328390,175.11,2.0,175.1,7.0,,,175.26,4.0,175.27,4.0,175.28,3.0
175.17,175.24,175.20499999999998,0.0700000000000216,175.17,2,175.16,2.0,175.24,10,175.25,4.0,-0.35135135135135137,2026-04-02 07:07:25.833315,175.15,2.0,175.12,4.0,175.11,2.0,175.26,4.0,175.27,4.0,175.28,3.0
175.16,175.24,175.2,0.0800000000000125,175.16,2,175.15,2.0,175.24,2,175.26,1.0,0.0625,2026-04-02 07:07:26.339652,175.12,4.0,175.11,2.0,175.1,7.0,175.27,5.0,175.29,3.0,175.3,4.0
175.17,175.24,175.20499999999998,0.0700000000000216,175.17,3,175.16,2.0,175.24,3,175.26,1.0,-0.10344827586206896,2026-04-02 07:07:26.846162,175.15,2.0,175.12,4.0,175.11,2.0,175.27,5.0,175.29,3.0,175.3,4.0
175.14,175.21,175.175,0.0700000000000216,175.14,1,175.13,2.0,175.21,1,175.22,3.0,0.0,2026-04-02 07:07:27.352505,175.12,1.0,175.11,2.0,175.1,7.0,175.24,3.0,175.26,1.0,175.27,5.0
175.05,175.11,175.08,0.060000000000002274,175.05,2,,,175.11,4,175.13,1.0,-0.7777777777777778,2026-04-02 07:07:27.856086,,,,,,,175.14,2.0,175.15,4.0,175.17,5.0
175.03,175.13,175.07999999999998,0.09999999999999432,175.03,8,175.02,6.0,175.13,1,175.14,2.0,0.6285714285714286,2026-04-02 07:07:28.360290,175.01,43.0,,,,,175.15,4.0,175.17,5.0,175.19,1.0
175.0,175.03,175.015,0.030000000000001137,175.0,464,,,175.03,1,175.07,2.0,0.9661016949152542,2026-04-02 07:07:28.862611,,,,,,,175.08,1.0,175.11,3.0,175.13,1.0
174.73,174.79,174.76,0.060000000000002274,174.73,1,174.72,1.0,174.79,1,174.81,3.0,-0.4444444444444444,2026-04-02 07:07:29.364869,174.71,3.0,,,,,174.82,3.0,174.83,2.0,174.84,4.0
174.87,174.95,174.91,0.07999999999998408,174.87,8,174.86,1.0,174.95,2,174.96,2.0,-0.7894736842105263,2026-04-02 07:07:29.871097,174.85,3.0,174.84,7.0,174.79,3.0,174.97,2.0,174.99,4.0,175.0,177.0
175.12,175.17,175.14499999999998,0.04999999999998295,175.12,2,175.11,1.0,175.17,3,175.19,1.0,0.0,2026-04-02 07:07:30.377419,175.1,1.0,175.08,2.0,175.05,3.0,175.2,1.0,175.21,1.0,175.22,3.0
175.02,175.1,175.06,0.07999999999998408,175.02,2,175.01,3.0,175.1,1,175.11,3.0,-0.1,2026-04-02 07:07:30.882461,175.0,1.0,174.98,1.0,174.97,2.0,175.14,2.0,175.15,2.0,175.16,3.0
175.13,175.19,175.16,0.060000000000002274,175.13,3,175.12,2.0,175.19,3,175.21,3.0,0.14285714285714285,2026-04-02 07:07:31.384658,175.11,3.0,175.1,2.0,175.09,2.0,175.23,1.0,175.25,1.0,175.26,1.0
175.07,175.14,175.105,0.06999999999999318,175.07,1,175.05,1.0,175.14,2,175.16,3.0,-0.10344827586206896,2026-04-02 07:07:31.891028,175.04,4.0,175.03,3.0,175.02,4.0,175.17,3.0,175.19,5.0,175.21,3.0
175.1,175.15,175.125,0.05000000000001137,175.1,3,175.09,2.0,175.15,1,175.16,5.0,-0.25925925925925924,2026-04-02 07:07:32.392583,175.08,2.0,175.07,1.0,175.06,2.0,175.17,3.0,175.19,5.0,175.21,3.0
175.03,175.07,175.05,0.03999999999999204,175.03,2,175.02,8.0,175.07,1,175.09,4.0,0.21428571428571427,2026-04-02 07:07:32.897852,175.01,5.0,175.0,1.0,174.98,1.0,175.1,3.0,175.12,2.0,175.14,1.0
175.05,175.09,175.07,0.03999999999999204,175.05,2,175.04,3.0,175.09,1,175.11,1.0,0.48148148148148145,2026-04-02 07:07:33.404190,175.03,2.0,175.02,8.0,175.01,5.0,175.12,3.0,175.14,1.0,175.15,1.0
174.97,175.03,175.0,0.060000000000002274,174.97,2,174.95,21.0,175.03,4,175.05,6.0,0.2222222222222222,2026-04-02 07:07:33.910569,174.94,5.0,174.93,2.0,174.92,3.0,175.06,4.0,175.07,4.0,175.08,3.0
175.05,175.13,175.09,0.07999999999998408,175.05,1,175.04,3.0,175.13,1,175.15,1.0,-0.034482758620689655,2026-04-02 07:07:34.414320,175.02,6.0,175.01,3.0,175.0,1.0,175.16,5.0,175.17,3.0,175.19,5.0
175.06,175.14,175.1,0.07999999999998408,175.06,6,175.05,2.0,175.14,3,175.15,3.0,0.13636363636363635,2026-04-02 07:07:34.916024,175.04,8.0,175.02,6.0,175.01,3.0,175.16,5.0,175.17,3.0,175.19,5.0
175.09,175.14,175.115,0.04999999999998295,175.09,1,175.08,1.0,175.14,6,175.15,8.0,-0.2830188679245283,2026-04-02 07:07:35.419551,175.06,7.0,175.05,2.0,175.04,8.0,175.16,8.0,175.17,7.0,175.19,5.0
175.1,175.12,175.11,0.020000000000010232,175.1,1,175.09,7.0,175.12,2,175.14,3.0,-0.1,2026-04-02 07:07:35.923621,175.08,1.0,175.06,7.0,175.05,2.0,175.15,7.0,175.16,6.0,175.17,4.0
175.0,175.05,175.025,0.05000000000001137,175.0,2,174.97,8.0,175.05,5,175.06,6.0,0.22580645161290322,2026-04-02 07:07:36.426455,174.95,21.0,174.94,5.0,174.93,2.0,175.07,6.0,175.08,6.0,175.09,1.0
175.01,175.05,175.03,0.040000000000020464,175.01,3,175.0,2.0,175.05,4,175.06,5.0,0.2786885245901639,2026-04-02 07:07:36.928789,174.97,8.0,174.95,21.0,174.94,5.0,175.07,6.0,175.08,6.0,175.09,1.0
175.05,175.08,175.065,0.030000000000001137,175.05,1,175.04,5.0,175.08,7,175.09,10.0,-0.18181818181818182,2026-04-02 07:07:37.435241,175.02,3.0,175.01,2.0,175.0,7.0,175.11,1.0,175.12,5.0,175.14,3.0
175.05,175.13,175.09,0.07999999999998408,175.05,4,175.04,5.0,175.13,1,175.14,1.0,0.2,2026-04-02 07:07:37.937301,175.02,3.0,175.01,2.0,175.0,7.0,175.15,1.0,175.16,7.0,175.17,4.0
175.02,175.1,175.06,0.07999999999998408,175.02,2,175.01,1.0,175.1,2,175.13,7.0,0.05263157894736842,2026-04-02 07:07:38.438549,175.0,8.0,174.99,1.0,174.97,8.0,175.14,1.0,175.15,1.0,175.16,7.0
175.1,175.16,175.13,0.060000000000002274,175.1,2,175.09,5.0,175.16,8,175.17,4.0,-0.2,2026-04-02 07:07:38.940240,175.07,1.0,175.06,3.0,175.03,3.0,175.18,1.0,175.19,5.0,175.21,3.0
175.01,175.07,175.04,0.060000000000002274,175.01,1,175.0,8.0,175.07,1,175.08,4.0,0.3684210526315789,2026-04-02 07:07:39.441152,174.99,1.0,174.97,8.0,174.95,21.0,175.12,3.0,175.14,2.0,175.16,8.0
175.01,175.09,175.05,0.0800000000000125,175.01,3,175.0,1.0,175.09,1,175.1,5.0,0.3559322033898305,2026-04-02 07:07:39.943040,174.98,7.0,174.97,8.0,174.95,21.0,175.12,3.0,175.14,2.0,175.16,8.0
175.11,175.16,175.135,0.04999999999998295,175.11,5,175.09,1.0,175.16,8,175.17,4.0,-0.3548387096774194,2026-04-02 07:07:40.444707,175.08,2.0,175.07,1.0,175.06,1.0,175.18,1.0,175.19,5.0,175.21,3.0
175.2,175.27,175.235,0.0700000000000216,175.2,4,175.19,3.0,175.27,6,175.29,3.0,-0.21428571428571427,2026-04-02 07:07:40.948769,175.18,1.0,175.17,2.0,175.12,1.0,175.3,4.0,175.31,1.0,175.32,3.0
175.12,175.2,175.16,0.07999999999998408,175.12,1,175.11,9.0,175.2,1,175.21,1.0,0.0,2026-04-02 07:07:41.450183,175.09,1.0,175.08,2.0,175.07,1.0,175.24,5.0,175.26,2.0,175.27,5.0
175.14,175.2,175.17,0.060000000000002274,175.14,4,175.13,6.0,175.2,2,175.21,1.0,0.25,2026-04-02 07:07:41.951557,175.12,5.0,175.11,9.0,175.09,1.0,175.24,5.0,175.26,2.0,175.27,5.0
175.14,175.2,175.17,0.060000000000002274,175.14,10,175.13,6.0,175.2,3,175.22,1.0,0.4418604651162791,2026-04-02 07:07:42.457468,175.12,5.0,175.11,9.0,175.09,1.0,175.23,1.0,175.24,5.0,175.26,2.0
175.15,175.21,175.18,0.060000000000002274,175.15,3,175.14,10.0,175.21,1,175.22,2.0,0.40425531914893614,2026-04-02 07:07:42.963783,175.13,6.0,175.12,5.0,175.11,9.0,175.23,4.0,175.24,5.0,175.26,2.0
175.2,175.25,175.225,0.05000000000001137,175.2,5,175.18,2.0,175.25,3,175.26,2.0,-0.13333333333333333,2026-04-02 07:07:43.467297,175.17,1.0,175.16,2.0,175.15,3.0,175.27,5.0,175.29,3.0,175.3,4.0
175.18,175.23,175.20499999999998,0.04999999999998295,175.18,2,175.17,6.0,175.23,1,175.26,3.0,0.1794871794871795,2026-04-02 07:07:43.973422,175.16,2.0,175.15,3.0,175.14,10.0,175.27,5.0,175.29,3.0,175.3,4.0
175.19,175.26,175.225,0.06999999999999318,175.19,2,175.18,3.0,175.26,6,175.27,5.0,-0.08571428571428572,2026-04-02 07:07:44.479447,175.17,6.0,175.16,2.0,175.15,3.0,175.29,3.0,175.3,4.0,175.31,1.0
175.23,175.27,175.25,0.040000000000020464,175.23,4,175.22,2.0,175.27,9,175.29,3.0,-0.05263157894736842,2026-04-02 07:07:44.983664,175.19,3.0,175.18,3.0,175.17,6.0,175.3,4.0,175.31,1.0,175.32,3.0
175.2,175.26,175.23,0.060000000000002274,175.2,4,175.19,3.0,175.26,2,175.27,9.0,-0.02702702702702703,2026-04-02 07:07:45.489462,175.18,3.0,175.17,6.0,175.16,2.0,175.29,3.0,175.3,4.0,175.31,1.0
175.24,175.28,175.26,0.03999999999999204,175.24,1,175.23,1.0,175.28,6,175.29,3.0,0.02857142857142857,2026-04-02 07:07:45.992010,175.22,3.0,175.2,5.0,175.19,8.0,175.3,4.0,175.31,1.0,175.32,3.0
175.24,175.32,175.28,0.07999999999998408,175.24,4,175.23,3.0,175.32,5,175.35,6.0,-0.045454545454545456,2026-04-02 07:07:46.494025,175.22,2.0,175.21,6.0,175.2,6.0,175.36,5.0,175.37,5.0,175.4,2.0
175.34,175.41,175.375,0.06999999999999318,175.34,4,175.33,8.0,175.41,3,175.42,6.0,-0.08695652173913043,2026-04-02 07:07:46.999717,175.32,4.0,175.31,3.0,175.3,2.0,175.43,5.0,175.44,4.0,175.46,7.0
175.4,175.45,175.425,0.04999999999998295,175.4,5,175.39,3.0,175.45,2,175.46,5.0,0.058823529411764705,2026-04-02 07:07:47.501907,175.36,3.0,175.34,3.0,175.33,4.0,175.47,5.0,175.48,1.0,175.49,3.0
175.4,175.47,175.435,0.06999999999999318,175.4,9,175.39,3.0,175.47,2,175.48,1.0,0.375,2026-04-02 07:07:48.004651,175.36,3.0,175.34,3.0,175.33,4.0,175.49,1.0,175.5,3.0,175.52,3.0
175.29,175.35,175.32,0.060000000000002274,175.29,3,175.28,4.0,175.35,3,175.36,1.0,0.3548387096774194,2026-04-02 07:07:48.511123,175.27,7.0,175.26,2.0,175.24,5.0,175.37,2.0,175.39,3.0,175.4,1.0
175.34,175.38,175.36,0.03999999999999204,175.34,1,175.33,1.0,175.38,3,175.39,3.0,0.0,2026-04-02 07:07:49.014547,175.32,2.0,175.29,4.0,175.28,4.0,175.4,1.0,175.41,3.0,175.42,2.0
175.3,175.34,175.32,0.03999999999999204,175.3,2,175.29,9.0,175.34,2,175.36,2.0,0.37142857142857144,2026-04-02 07:07:49.520873,175.28,4.0,175.27,7.0,175.26,2.0,175.37,3.0,175.39,3.0,175.4,1.0
175.49,175.55,175.52,0.060000000000002274,175.49,3,175.48,1.0,175.55,1,175.56,5.0,0.22580645161290322,2026-04-02 07:07:50.023850,175.47,2.0,175.44,8.0,175.43,5.0,175.57,3.0,175.58,1.0,175.59,2.0
175.51,175.56,175.535,0.05000000000001137,175.51,1,175.49,4.0,175.56,6,175.57,2.0,-0.15789473684210525,2026-04-02 07:07:50.528471,175.48,1.0,175.47,2.0,175.44,8.0,175.58,7.0,175.59,4.0,175.6,3.0
175.5,175.56,175.53,0.060000000000002274,175.5,3,175.49,4.0,175.56,4,175.57,4.0,-0.047619047619047616,2026-04-02 07:07:51.030946,175.48,3.0,175.47,2.0,175.44,8.0,175.58,7.0,175.59,4.0,175.6,3.0
175.52,175.59,175.555,0.06999999999999318,175.52,1,175.51,2.0,175.59,6,175.6,3.0,-0.2,2026-04-02 07:07:51.537131,175.5,1.0,175.49,3.0,175.48,3.0,175.61,2.0,175.62,1.0,175.63,3.0
175.51,175.59,175.55,0.0800000000000125,175.51,1,175.5,3.0,175.59,13,175.6,3.0,-0.2222222222222222,2026-04-02 07:07:52.038688,175.49,5.0,175.48,3.0,175.47,2.0,175.61,2.0,175.62,1.0,175.63,3.0
175.47,175.52,175.495,0.05000000000001137,175.47,1,175.46,4.0,175.52,4,175.53,1.0,0.2903225806451613,2026-04-02 07:07:52.544863,175.44,8.0,175.43,5.0,175.42,2.0,175.54,2.0,175.56,1.0,175.57,3.0
175.38,175.44,175.41,0.060000000000002274,175.38,6,175.37,1.0,175.44,2,175.48,2.0,-0.1111111111111111,2026-04-02 07:07:53.045527,175.35,1.0,175.34,3.0,175.33,1.0,175.49,2.0,175.52,8.0,175.53,1.0
175.45,175.48,175.46499999999997,0.030000000000001137,175.45,2,175.44,1.0,175.48,3,175.49,3.0,-0.3076923076923077,2026-04-02 07:07:53.551461,175.43,2.0,175.4,2.0,175.39,2.0,175.52,8.0,175.53,1.0,175.54,2.0
175.49,175.59,175.54000000000002,0.09999999999999432,175.49,2,175.48,7.0,175.59,1,175.6,9.0,-0.03225806451612903,2026-04-02 07:07:54.057703,175.47,2.0,175.46,2.0,175.45,2.0,175.61,2.0,175.62,1.0,175.63,3.0
175.49,175.59,175.54000000000002,0.09999999999999432,175.49,4,175.48,7.0,175.59,1,175.6,9.0,0.030303030303030304,2026-04-02 07:07:54.564240,175.47,2.0,175.46,2.0,175.45,2.0,175.61,2.0,175.62,1.0,175.63,3.0
175.65,175.74,175.695,0.09000000000000341,175.65,3,175.64,4.0,175.74,3,175.75,7.0,-0.13333333333333333,2026-04-02 07:07:55.068511,175.63,1.0,175.62,3.0,175.61,2.0,175.76,3.0,175.77,2.0,175.78,2.0
175.75,175.81,175.78,0.060000000000002274,175.75,3,175.74,3.0,175.81,2,175.82,5.0,0.05263157894736842,2026-04-02 07:07:55.569848,175.73,2.0,175.72,7.0,175.71,5.0,175.83,4.0,175.85,4.0,175.86,3.0
175.71,175.75,175.73000000000002,0.03999999999999204,175.71,2,175.7,4.0,175.75,2,175.76,3.0,0.0967741935483871,2026-04-02 07:07:56.076229,175.69,4.0,175.65,3.0,175.64,4.0,175.77,3.0,175.8,4.0,175.81,2.0
175.7,175.75,175.725,0.05000000000001137,175.7,3,175.69,4.0,175.75,7,175.76,3.0,-0.11764705882352941,2026-04-02 07:07:56.583373,175.65,3.0,175.64,4.0,175.63,1.0,175.77,3.0,175.8,4.0,175.81,2.0
175.7,175.73,175.71499999999997,0.030000000000001137,175.7,4,175.67,2.0,175.73,1,175.74,2.0,0.0,2026-04-02 07:07:57.089667,175.65,3.0,175.63,2.0,175.62,3.0,175.75,5.0,175.76,3.0,175.77,3.0
175.71,175.78,175.745,0.06999999999999318,175.71,4,175.68,2.0,175.78,4,175.79,2.0,0.15789473684210525,2026-04-02 07:07:57.591042,175.67,6.0,175.66,7.0,175.65,3.0,175.8,3.0,175.81,2.0,175.82,5.0
175.68,175.75,175.715,0.06999999999999318,175.68,9,175.67,6.0,175.75,4,175.78,6.0,0.0,2026-04-02 07:07:58.096556,175.66,7.0,175.65,3.0,175.63,2.0,175.79,5.0,175.8,5.0,175.81,7.0
175.71,175.77,175.74,0.060000000000002274,175.71,4,175.7,1.0,175.77,2,175.78,6.0,-0.06382978723404255,2026-04-02 07:07:58.601192,175.69,2.0,175.68,9.0,175.67,6.0,175.79,5.0,175.8,5.0,175.81,7.0
175.65,175.73,175.69,0.07999999999998408,175.65,11,175.63,2.0,175.73,3,175.74,2.0,0.14285714285714285,2026-04-02 07:07:59.107496,175.62,3.0,175.61,2.0,175.6,2.0,175.75,5.0,175.77,2.0,175.79,3.0
175.86,175.89,175.875,0.029999999999972715,175.86,2,175.85,1.0,175.89,7,175.92,2.0,-0.034482758620689655,2026-04-02 07:07:59.609615,175.83,3.0,175.82,3.0,175.81,5.0,175.94,1.0,175.95,2.0,175.96,3.0
175.9,175.92,175.91,0.01999999999998181,175.9,1,175.89,3.0,175.92,3,175.95,7.0,-0.08108108108108109,2026-04-02 07:08:00.116005,175.88,1.0,175.87,9.0,175.86,3.0,175.96,3.0,175.97,3.0,175.98,4.0
175.76,175.81,175.785,0.05000000000001137,175.76,2,175.75,2.0,175.81,1,175.82,4.0,-0.043478260869565216,2026-04-02 07:08:00.622357,175.74,2.0,175.73,2.0,175.72,3.0,175.83,3.0,175.84,3.0,175.85,1.0
175.65,175.7,175.675,0.04999999999998295,175.65,2,175.64,2.0,175.7,3,175.72,3.0,-0.04,2026-04-02 07:08:01.128663,175.63,3.0,175.62,3.0,175.61,2.0,175.74,1.0,175.75,1.0,175.76,5.0
175.62,175.68,175.65,0.060000000000002274,175.62,3,175.6,4.0,175.68,3,175.7,2.0,0.14285714285714285,2026-04-02 07:08:01.634870,175.57,5.0,175.56,2.0,175.54,2.0,175.71,3.0,175.72,1.0,175.74,3.0
175.73,175.8,175.765,0.0700000000000216,175.73,5,175.71,2.0,175.8,4,175.81,1.0,-0.1111111111111111,2026-04-02 07:08:02.140342,175.69,1.0,175.68,1.0,175.67,3.0,175.82,4.0,175.83,3.0,175.84,3.0
175.73,175.79,175.76,0.060000000000002274,175.73,4,175.71,2.0,175.79,3,175.8,4.0,-0.15384615384615385,2026-04-02 07:08:02.644897,175.69,1.0,175.68,1.0,175.67,3.0,175.81,1.0,175.82,4.0,175.83,3.0
175.72,175.79,175.755,0.06999999999999318,175.72,1,175.7,3.0,175.79,8,175.81,2.0,-0.4375,2026-04-02 07:08:03.150428,175.69,1.0,175.68,1.0,175.67,3.0,175.84,6.0,175.85,4.0,175.86,3.0
175.7,175.75,175.725,0.05000000000001137,175.7,2,175.69,1.0,175.75,1,175.76,2.0,-0.058823529411764705,2026-04-02 07:08:03.651702,175.68,1.0,175.67,3.0,175.66,1.0,175.79,2.0,175.8,2.0,175.81,2.0
175.64,175.72,175.68,0.0800000000000125,175.64,3,175.63,6.0,175.72,4,175.74,3.0,0.1282051282051282,2026-04-02 07:08:04.154446,175.62,4.0,175.6,4.0,175.57,5.0,175.75,6.0,175.76,2.0,175.79,2.0
175.64,175.67,175.65499999999997,0.030000000000001137,175.64,4,175.63,6.0,175.67,3,175.68,1.0,0.3939393939393939,2026-04-02 07:08:04.660797,175.62,4.0,175.6,4.0,175.57,5.0,175.7,1.0,175.71,3.0,175.72,2.0
175.52,175.58,175.55,0.060000000000002274,175.52,3,175.51,7.0,175.58,5,175.59,2.0,0.07317073170731707,2026-04-02 07:08:05.167192,175.5,1.0,175.49,4.0,175.48,7.0,175.6,4.0,175.61,6.0,175.62,2.0
175.58,175.65,175.615,0.06999999999999318,175.58,4,175.54,10.0,175.65,3,175.67,1.0,0.47058823529411764,2026-04-02 07:08:05.673350,175.52,3.0,175.51,7.0,175.5,1.0,175.68,1.0,175.7,1.0,175.71,3.0
175.6,175.68,175.64,0.0800000000000125,175.6,5,175.58,6.0,175.68,2,175.7,1.0,0.47619047619047616,2026-04-02 07:08:06.176374,175.54,10.0,175.52,3.0,175.51,7.0,175.71,3.0,175.72,2.0,175.74,3.0
175.75,175.83,175.79000000000002,0.0800000000000125,175.75,1,175.74,1.0,175.83,6,175.84,2.0,-0.18181818181818182,2026-04-02 07:08:06.678614,175.73,2.0,175.72,4.0,175.71,1.0,175.87,1.0,175.89,3.0,175.9,1.0
175.81,175.84,175.825,0.030000000000001137,175.81,2,175.8,4.0,175.84,2,175.86,2.0,0.05263157894736842,2026-04-02 07:08:07.184883,175.78,1.0,175.77,2.0,175.76,1.0,175.87,1.0,175.89,3.0,175.9,1.0
175.76,175.82,175.79,0.060000000000002274,175.76,8,175.75,3.0,175.82,3,175.84,4.0,0.1875,2026-04-02 07:08:07.691200,175.73,3.0,175.72,4.0,175.71,1.0,175.86,2.0,175.87,1.0,175.89,3.0
175.7,175.75,175.725,0.05000000000001137,175.7,2,175.68,1.0,175.75,2,175.76,2.0,0.14285714285714285,2026-04-02 07:08:08.196686,175.67,2.0,175.66,3.0,175.65,4.0,175.77,2.0,175.78,1.0,175.79,2.0
175.7,175.74,175.72,0.040000000000020464,175.7,2,175.69,2.0,175.74,3,175.75,5.0,0.07142857142857142,2026-04-02 07:08:08.698444,175.67,4.0,175.66,3.0,175.65,4.0,175.76,2.0,175.77,2.0,175.78,1.0
175.66,175.71,175.685,0.05000000000001137,175.66,2,175.65,2.0,175.71,12,175.72,2.0,-0.3888888888888889,2026-04-02 07:08:09.202522,175.63,5.0,175.62,1.0,175.61,1.0,175.73,3.0,175.74,3.0,175.75,5.0
175.63,175.71,175.67000000000002,0.0800000000000125,175.63,7,175.62,1.0,175.71,12,175.72,2.0,-0.1111111111111111,2026-04-02 07:08:09.705186,175.61,1.0,175.6,5.0,175.58,6.0,175.73,3.0,175.74,3.0,175.75,5.0
175.62,175.65,175.635,0.030000000000001137,175.62,6,175.6,3.0,175.65,1,175.66,4.0,0.36585365853658536,2026-04-02 07:08:10.209032,175.58,6.0,175.54,10.0,175.52,3.0,175.67,4.0,175.69,3.0,175.7,1.0
175.71,175.78,175.745,0.06999999999999318,175.71,7,175.7,1.0,175.78,4,175.79,4.0,-0.06666666666666667,2026-04-02 07:08:10.710402,175.69,3.0,175.68,2.0,175.67,1.0,175.8,3.0,175.81,1.0,175.82,4.0
175.7,175.76,175.73,0.060000000000002274,175.7,5,175.69,1.0,175.76,3,175.77,2.0,-0.07692307692307693,2026-04-02 07:08:11.215563,175.68,2.0,175.67,1.0,175.65,3.0,175.78,2.0,175.79,4.0,175.8,3.0
175.72,175.78,175.75,0.060000000000002274,175.72,2,175.71,2.0,175.78,2,175.79,4.0,0.0,2026-04-02 07:08:11.719613,175.7,7.0,175.69,1.0,175.68,2.0,175.8,3.0,175.81,1.0,175.82,4.0
175.79,175.87,175.82999999999998,0.0800000000000125,175.79,1,175.78,1.0,175.87,5,175.88,3.0,-0.36,2026-04-02 07:08:12.225849,175.77,3.0,175.76,1.0,175.75,2.0,175.89,2.0,175.9,5.0,175.91,2.0
175.82,175.89,175.855,0.06999999999999318,175.82,4,175.81,2.0,175.89,3,175.9,6.0,-0.3548387096774194,2026-04-02 07:08:12.731487,175.8,1.0,175.79,2.0,175.78,1.0,175.91,2.0,175.93,6.0,175.94,4.0
175.72,175.78,175.75,0.060000000000002274,175.72,2,175.71,2.0,175.78,3,175.8,5.0,-0.17647058823529413,2026-04-02 07:08:13.237133,175.7,7.0,175.69,1.0,175.68,2.0,175.83,8.0,175.85,3.0,175.87,1.0
175.73,175.79,175.76,0.060000000000002274,175.73,6,175.72,2.0,175.79,1,175.8,1.0,0.125,2026-04-02 07:08:13.742892,175.71,2.0,175.7,7.0,175.69,1.0,175.83,8.0,175.85,3.0,175.87,1.0
175.74,175.8,175.77,0.060000000000002274,175.74,2,175.73,6.0,175.8,3,175.82,3.0,0.22580645161290322,2026-04-02 07:08:14.247043,175.72,2.0,175.71,2.0,175.7,7.0,175.84,2.0,175.85,3.0,175.87,1.0
175.7,175.75,175.725,0.05000000000001137,175.7,5,175.69,1.0,175.75,3,175.76,2.0,-0.04,2026-04-02 07:08:14.753251,175.68,2.0,175.67,1.0,175.65,3.0,175.77,2.0,175.79,1.0,175.8,5.0
175.67,175.71,175.69,0.040000000000020464,175.67,6,175.66,5.0,175.71,2,175.72,3.0,0.2413793103448276,2026-04-02 07:08:15.259553,175.65,3.0,175.62,2.0,175.61,2.0,175.73,3.0,175.74,1.0,175.75,2.0
175.58,175.64,175.61,0.05999999999997385,175.58,9,175.54,10.0,175.64,4,175.65,1.0,0.3333333333333333,2026-04-02 07:08:15.761365,175.52,3.0,175.51,7.0,175.5,1.0,175.68,5.0,175.69,3.0,175.7,2.0
175.57,175.62,175.595,0.05000000000001137,175.57,2,175.56,2.0,175.62,3,175.64,5.0,-0.0967741935483871,2026-04-02 07:08:16.265324,175.55,1.0,175.53,6.0,175.52,3.0,175.65,1.0,175.68,5.0,175.69,3.0
175.57,175.63,175.6,0.060000000000002274,175.57,4,175.55,3.0,175.63,4,175.64,5.0,0.0,2026-04-02 07:08:16.769391,175.54,1.0,175.52,3.0,175.51,7.0,175.65,1.0,175.68,5.0,175.69,3.0
175.57,175.63,175.6,0.060000000000002274,175.57,9,175.55,3.0,175.63,7,175.64,5.0,0.045454545454545456,2026-04-02 07:08:17.274986,175.54,1.0,175.52,3.0,175.51,7.0,175.65,1.0,175.68,5.0,175.69,3.0
175.63,175.68,175.655,0.05000000000001137,175.63,1,175.62,2.0,175.68,4,175.69,3.0,-0.21739130434782608,2026-04-02 07:08:17.776572,175.59,2.0,175.58,3.0,175.56,1.0,175.7,2.0,175.71,3.0,175.72,2.0
175.62,175.66,175.64,0.03999999999999204,175.62,7,175.59,2.0,175.66,1,175.67,1.0,0.1724137931034483,2026-04-02 07:08:18.277894,175.58,3.0,175.56,1.0,175.53,4.0,175.68,5.0,175.69,3.0,175.7,2.0
175.65,175.7,175.675,0.04999999999998295,175.65,4,175.64,1.0,175.7,4,175.71,1.0,0.3793103448275862,2026-04-02 07:08:18.780250,175.62,10.0,175.59,2.0,175.58,3.0,175.72,2.0,175.73,1.0,175.74,1.0
175.63,175.69,175.66,0.060000000000002274,175.63,1,175.62,3.0,175.69,1,175.7,4.0,0.35714285714285715,2026-04-02 07:08:19.284357,175.61,10.0,175.59,2.0,175.58,3.0,175.71,1.0,175.72,2.0,175.73,1.0
175.64,175.69,175.665,0.05000000000001137,175.64,2,175.63,2.0,175.69,2,175.7,3.0,0.2903225806451613,2026-04-02 07:08:19.786886,175.62,4.0,175.61,10.0,175.59,2.0,175.71,3.0,175.72,2.0,175.73,1.0
175.62,175.66,175.64,0.03999999999999204,175.62,5,175.61,10.0,175.66,3,175.67,4.0,0.10526315789473684,2026-04-02 07:08:20.293257,175.59,2.0,175.58,3.0,175.56,1.0,175.69,4.0,175.7,3.0,175.71,3.0
175.63,175.69,175.66,0.060000000000002274,175.63,5,175.62,6.0,175.69,4,175.7,3.0,0.3333333333333333,2026-04-02 07:08:20.794102,175.61,10.0,175.59,2.0,175.58,3.0,175.71,3.0,175.72,2.0,175.73,1.0
175.62,175.67,175.64499999999998,0.04999999999998295,175.62,7,175.61,10.0,175.67,4,175.69,4.0,0.1794871794871795,2026-04-02 07:08:21.298706,175.59,2.0,175.58,3.0,175.56,1.0,175.7,3.0,175.71,3.0,175.72,2.0
175.6,175.64,175.62,0.03999999999999204,175.6,3,175.59,2.0,175.64,1,175.65,1.0,0.04,2026-04-02 07:08:21.802166,175.58,3.0,175.56,1.0,175.53,4.0,175.66,2.0,175.67,4.0,175.69,4.0
175.63,175.68,175.655,0.05000000000001137,175.63,1,175.62,7.0,175.68,3,175.69,2.0,0.2,2026-04-02 07:08:22.308305,175.61,2.0,175.6,3.0,175.59,2.0,175.7,1.0,175.71,3.0,175.72,1.0
175.59,175.65,175.62,0.060000000000002274,175.59,6,175.58,3.0,175.65,3,175.66,3.0,0.1724137931034483,2026-04-02 07:08:22.813151,175.56,1.0,175.53,4.0,175.52,3.0,175.67,2.0,175.68,2.0,175.69,2.0
175.58,175.6,175.59,0.01999999999998181,175.58,5,175.57,1.0,175.6,1,175.61,2.0,0.2727272727272727,2026-04-02 07:08:23.318846,175.56,1.0,175.53,4.0,175.52,3.0,175.62,2.0,175.63,1.0,175.64,2.0
175.59,175.65,175.62,0.060000000000002274,175.59,4,175.58,1.0,175.65,5,175.66,3.0,-0.12,2026-04-02 07:08:23.821060,175.57,2.0,175.55,1.0,175.52,3.0,175.67,2.0,175.68,2.0,175.69,2.0
175.66,175.68,175.67000000000002,0.020000000000010232,175.66,2,175.64,41.0,175.68,4,175.69,2.0,0.6507936507936508,2026-04-02 07:08:24.322594,175.61,3.0,175.6,2.0,175.59,4.0,175.7,1.0,175.71,3.0,175.72,1.0
175.55,175.65,175.60000000000002,0.09999999999999432,175.55,4,175.52,3.0,175.65,4,175.66,2.0,0.1875,2026-04-02 07:08:24.828647,175.51,7.0,175.5,1.0,175.49,4.0,175.67,2.0,175.68,3.0,175.69,2.0
175.58,175.63,175.60500000000002,0.04999999999998295,175.58,6,175.57,1.0,175.63,5,175.64,2.0,-0.058823529411764705,2026-04-02 07:08:25.332554,175.56,2.0,175.55,4.0,175.52,3.0,175.65,7.0,175.66,2.0,175.67,2.0
175.58,175.63,175.60500000000002,0.04999999999998295,175.58,10,175.57,1.0,175.63,5,175.64,2.0,0.05263157894736842,2026-04-02 07:08:25.838946,175.56,2.0,175.55,4.0,175.52,3.0,175.65,7.0,175.66,2.0,175.67,2.0
175.67,175.72,175.695,0.05000000000001137,175.67,4,175.66,2.0,175.72,4,175.73,1.0,0.047619047619047616,2026-04-02 07:08:26.345176,175.65,2.0,175.64,1.0,175.61,2.0,175.74,1.0,175.75,2.0,175.76,2.0
175.73,175.79,175.76,0.060000000000002274,175.73,4,175.72,2.0,175.79,6,175.8,5.0,-0.15151515151515152,2026-04-02 07:08:26.848086,175.71,1.0,175.69,2.0,175.65,5.0,175.82,3.0,175.84,2.0,175.85,3.0
175.76,175.85,175.805,0.09000000000000341,175.76,3,175.75,1.0,175.85,2,175.86,2.0,0.2413793103448276,2026-04-02 07:08:27.354150,175.74,7.0,175.73,5.0,175.72,2.0,175.87,1.0,175.88,3.0,175.89,3.0
175.76,175.8,175.78,0.040000000000020464,175.76,1,175.75,3.0,175.8,1,175.84,3.0,0.2413793103448276,2026-04-02 07:08:27.860187,175.74,7.0,175.73,5.0,175.72,2.0,175.85,4.0,175.86,2.0,175.87,1.0
175.76,175.84,175.8,0.0800000000000125,175.76,6,175.75,3.0,175.84,6,175.85,4.0,0.1794871794871795,2026-04-02 07:08:28.365850,175.74,7.0,175.73,5.0,175.72,2.0,175.86,2.0,175.87,1.0,175.88,3.0
175.76,175.84,175.8,0.0800000000000125,175.76,8,175.75,3.0,175.84,4,175.85,4.0,0.28205128205128205,2026-04-02 07:08:28.871990,175.74,7.0,175.73,5.0,175.72,2.0,175.86,2.0,175.87,1.0,175.88,3.0
175.73,175.78,175.755,0.05000000000001137,175.73,7,175.71,4.0,175.78,5,175.8,3.0,0.02127659574468085,2026-04-02 07:08:29.377280,175.69,2.0,175.65,5.0,175.64,6.0,175.83,4.0,175.84,7.0,175.85,4.0
175.78,175.81,175.79500000000002,0.030000000000001137,175.78,2,175.71,6.0,175.81,1,175.83,4.0,-0.02857142857142857,2026-04-02 07:08:29.879215,175.7,1.0,175.69,3.0,175.65,5.0,175.84,7.0,175.85,4.0,175.86,2.0
175.88,175.98,175.93,0.09999999999999432,175.88,1,175.87,2.0,175.98,5,175.99,1.0,-0.18181818181818182,2026-04-02 07:08:30.381856,175.84,1.0,175.83,2.0,175.82,3.0,176.0,3.0,176.01,3.0,176.05,1.0
175.91,175.99,175.95,0.0800000000000125,175.91,3,175.9,5.0,175.99,4,176.0,2.0,0.10344827586206896,2026-04-02 07:08:30.888105,175.89,1.0,175.88,5.0,175.87,2.0,176.01,4.0,176.05,1.0,176.1,2.0
175.89,175.98,175.935,0.09000000000000341,175.89,10,175.88,4.0,175.98,8,175.99,4.0,0.0,2026-04-02 07:08:31.394290,175.87,2.0,175.84,1.0,175.83,2.0,176.0,2.0,176.01,4.0,176.05,1.0
175.88,175.98,175.93,0.09999999999999432,175.88,7,175.87,2.0,175.98,9,175.99,4.0,-0.14285714285714285,2026-04-02 07:08:31.900189,175.84,1.0,175.83,2.0,175.82,3.0,176.0,2.0,176.01,4.0,176.05,1.0
175.93,176.0,175.965,0.06999999999999318,175.93,15,175.92,2.0,176.0,223,176.01,4.0,-0.7642585551330798,2026-04-02 07:08:32.401822,175.89,5.0,175.88,7.0,175.87,2.0,176.05,1.0,176.1,2.0,176.11,2.0
175.93,176.0,175.965,0.06999999999999318,175.93,3,175.92,7.0,176.0,223,176.01,4.0,-0.8054474708171206,2026-04-02 07:08:32.906693,175.91,3.0,175.89,5.0,175.88,7.0,176.05,1.0,176.1,2.0,176.11,2.0
175.94,175.99,175.965,0.05000000000001137,175.94,1,175.93,4.0,175.99,2,176.0,223.0,-0.8412698412698413,2026-04-02 07:08:33.412881,175.92,7.0,175.91,3.0,175.89,5.0,176.01,4.0,176.05,1.0,176.1,2.0
175.93,175.94,175.935,0.009999999999990905,175.93,7,175.92,7.0,175.94,1,175.96,1.0,-0.7769230769230769,2026-04-02 07:08:33.916440,175.91,3.0,175.89,5.0,175.88,7.0,175.99,2.0,176.0,223.0,176.01,4.0
175.97,176.0,175.985,0.030000000000001137,175.97,3,175.96,1.0,176.0,117,176.01,4.0,-0.8666666666666667,2026-04-02 07:08:34.422068,175.95,1.0,175.94,1.0,175.92,3.0,176.05,1.0,176.1,2.0,176.11,2.0
176.04,176.12,176.07999999999998,0.0800000000000125,176.04,7,176.03,1.0,176.12,1,176.13,9.0,0.045454545454545456,2026-04-02 07:08:34.923541,176.02,3.0,176.01,1.0,176.0,11.0,176.17,4.0,176.19,3.0,176.2,4.0
176.02,176.09,176.055,0.06999999999999318,176.02,1,176.01,1.0,176.09,3,176.1,1.0,0.0,2026-04-02 07:08:35.429888,176.0,11.0,175.99,4.0,175.98,5.0,176.11,5.0,176.12,4.0,176.13,9.0
176.13,176.17,176.14999999999998,0.03999999999999204,176.13,1,176.12,4.0,176.17,1,176.19,3.0,-0.030303030303030304,2026-04-02 07:08:35.935926,176.07,5.0,176.03,5.0,176.02,1.0,176.2,4.0,176.22,4.0,176.24,5.0
176.2,176.24,176.22,0.040000000000020464,176.2,2,176.19,1.0,176.24,7,176.25,10.0,-0.06666666666666667,2026-04-02 07:08:36.442223,176.17,7.0,176.16,1.0,176.13,10.0,176.26,3.0,176.28,2.0,176.3,2.0
176.21,176.3,176.255,0.09000000000000341,176.21,4,176.2,6.0,176.3,5,176.32,2.0,0.1875,2026-04-02 07:08:36.948602,176.19,1.0,176.17,7.0,176.16,1.0,176.33,1.0,176.34,4.0,176.37,1.0
176.22,176.25,176.235,0.030000000000001137,176.22,1,176.21,4.0,176.25,5,176.27,1.0,0.11764705882352941,2026-04-02 07:08:37.450043,176.2,6.0,176.19,1.0,176.17,7.0,176.29,1.0,176.3,6.0,176.32,2.0
176.14,176.2,176.17,0.060000000000002274,176.14,7,176.13,10.0,176.2,2,176.21,2.0,0.3953488372093023,2026-04-02 07:08:37.953350,176.12,3.0,176.07,5.0,176.03,5.0,176.22,3.0,176.23,1.0,176.24,5.0
176.27,176.3,176.28500000000003,0.030000000000001137,176.27,3,176.26,3.0,176.3,9,176.32,2.0,0.05555555555555555,2026-04-02 07:08:38.454397,176.24,5.0,176.23,3.0,176.2,5.0,176.33,1.0,176.34,4.0,176.37,1.0
176.31,176.36,176.335,0.05000000000001137,176.31,7,176.29,1.0,176.36,6,176.37,1.0,0.1111111111111111,2026-04-02 07:08:38.957390,176.27,4.0,176.26,3.0,176.24,5.0,176.39,4.0,176.4,2.0,176.41,3.0
176.44,176.47,176.45499999999998,0.030000000000001137,176.44,5,176.4,4.0,176.47,3,176.48,5.0,-0.13513513513513514,2026-04-02 07:08:39.463015,176.39,1.0,176.36,4.0,176.35,2.0,176.52,2.0,176.53,8.0,176.54,3.0
176.45,176.5,176.475,0.05000000000001137,176.45,1,176.43,4.0,176.5,6,176.52,2.0,-0.3125,2026-04-02 07:08:39.968322,176.42,1.0,176.41,1.0,176.4,4.0,176.53,8.0,176.54,3.0,176.55,2.0
176.46,176.5,176.48000000000002,0.03999999999999204,176.46,7,176.45,3.0,176.5,7,176.51,1.0,-0.13513513513513514,2026-04-02 07:08:40.471096,176.43,4.0,176.42,1.0,176.41,1.0,176.52,2.0,176.53,8.0,176.54,3.0
176.43,176.48,176.45499999999998,0.04999999999998295,176.43,3,176.42,3.0,176.48,1,176.49,2.0,-0.04,2026-04-02 07:08:40.972339,176.41,1.0,176.4,4.0,176.39,1.0,176.5,7.0,176.51,1.0,176.52,2.0
176.43,176.49,176.46,0.060000000000002274,176.43,2,176.42,7.0,176.49,7,176.5,5.0,-0.21052631578947367,2026-04-02 07:08:41.478822,176.41,1.0,176.4,4.0,176.39,1.0,176.51,1.0,176.52,2.0,176.53,8.0
176.44,176.49,176.465,0.05000000000001137,176.44,1,176.42,8.0,176.49,2,176.5,15.0,-0.3023255813953488,2026-04-02 07:08:41.985097,176.41,1.0,176.4,4.0,176.39,1.0,176.51,1.0,176.52,2.0,176.53,8.0
176.44,176.5,176.47,0.060000000000002274,176.44,7,176.42,8.0,176.5,17,176.51,1.0,-0.19230769230769232,2026-04-02 07:08:42.491541,176.41,1.0,176.4,4.0,176.39,1.0,176.52,2.0,176.53,8.0,176.54,3.0
176.45,176.5,176.475,0.05000000000001137,176.45,6,176.44,7.0,176.5,17,176.51,1.0,-0.08771929824561403,2026-04-02 07:08:42.997799,176.42,8.0,176.41,1.0,176.4,4.0,176.52,2.0,176.53,8.0,176.54,3.0
176.43,176.49,176.46,0.060000000000002274,176.43,1,176.42,4.0,176.49,2,176.5,17.0,-0.3953488372093023,2026-04-02 07:08:43.503814,176.37,1.0,176.36,4.0,176.34,3.0,176.51,1.0,176.52,2.0,176.53,8.0
176.53,176.58,176.555,0.05000000000001137,176.53,2,176.52,1.0,176.58,2,176.59,3.0,0.2,2026-04-02 07:08:44.006524,176.5,3.0,176.49,2.0,176.43,16.0,176.6,4.0,176.63,3.0,176.65,4.0
176.57,176.61,176.59,0.040000000000020464,176.57,3,176.56,6.0,176.61,2,176.63,3.0,-0.034482758620689655,2026-04-02 07:08:44.512258,176.55,1.0,176.53,3.0,176.52,1.0,176.65,4.0,176.68,1.0,176.69,5.0
176.7,176.74,176.72,0.040000000000020464,176.7,1,176.67,5.0,176.74,6,176.75,1.0,0.07142857142857142,2026-04-02 07:08:45.018421,176.66,2.0,176.64,3.0,176.6,4.0,176.76,3.0,176.78,1.0,176.79,2.0
176.7,176.76,176.73,0.060000000000002274,176.7,1,176.68,1.0,176.76,5,176.8,1.0,-0.07692307692307693,2026-04-02 07:08:45.520154,176.67,5.0,176.66,2.0,176.64,3.0,176.82,3.0,176.83,1.0,176.84,4.0
176.68,176.73,176.70499999999998,0.04999999999998295,176.68,1,176.67,5.0,176.73,3,176.74,1.0,-0.0625,2026-04-02 07:08:46.024970,176.66,2.0,176.64,3.0,176.6,4.0,176.75,3.0,176.76,9.0,176.8,1.0
176.77,176.86,176.815,0.09000000000000341,176.77,1,176.76,1.0,176.86,8,176.87,6.0,-0.3142857142857143,2026-04-02 07:08:46.531318,176.73,3.0,176.71,1.0,176.69,6.0,176.88,3.0,176.89,3.0,176.9,3.0
176.79,176.86,176.825,0.0700000000000216,176.79,2,176.78,3.0,176.86,6,176.87,6.0,-0.16666666666666666,2026-04-02 07:08:47.037598,176.77,6.0,176.76,1.0,176.73,3.0,176.88,3.0,176.89,3.0,176.9,3.0
176.73,176.8,176.765,0.0700000000000216,176.73,3,176.72,5.0,176.8,7,176.83,2.0,-0.2,2026-04-02 07:08:47.539597,176.71,1.0,176.69,6.0,176.68,1.0,176.84,4.0,176.85,5.0,176.86,6.0
176.69,176.75,176.72,0.060000000000002274,176.69,4,176.68,1.0,176.75,2,176.78,1.0,0.07692307692307693,2026-04-02 07:08:48.044522,176.67,4.0,176.66,2.0,176.64,3.0,176.79,1.0,176.8,6.0,176.83,2.0
176.69,176.76,176.725,0.06999999999999318,176.69,10,176.68,1.0,176.76,3,176.78,1.0,0.21212121212121213,2026-04-02 07:08:48.548023,176.67,4.0,176.66,2.0,176.64,3.0,176.79,1.0,176.8,6.0,176.83,2.0
176.57,176.64,176.605,0.06999999999999318,176.57,1,176.54,2.0,176.64,2,176.65,1.0,0.05263157894736842,2026-04-02 07:08:49.050908,176.53,3.0,176.52,1.0,176.5,3.0,176.66,2.0,176.68,3.0,176.73,1.0
176.63,176.71,176.67000000000002,0.0800000000000125,176.63,2,176.62,1.0,176.71,2,176.72,1.0,0.25925925925925924,2026-04-02 07:08:49.557148,176.59,2.0,176.58,2.0,176.57,10.0,176.73,1.0,176.74,1.0,176.75,5.0
176.63,176.69,176.66,0.060000000000002274,176.63,2,176.61,1.0,176.69,1,176.71,3.0,0.4166666666666667,2026-04-02 07:08:50.058394,176.59,2.0,176.58,2.0,176.57,10.0,176.72,1.0,176.73,1.0,176.74,1.0
176.58,176.64,176.61,0.05999999999997385,176.58,2,176.57,10.0,176.64,3,176.68,7.0,0.11764705882352941,2026-04-02 07:08:50.560062,176.53,3.0,176.52,1.0,176.5,3.0,176.69,1.0,176.71,3.0,176.72,1.0
176.52,176.57,176.54500000000002,0.04999999999998295,176.52,2,176.51,2.0,176.57,3,176.59,1.0,0.3157894736842105,2026-04-02 07:08:51.066421,176.5,3.0,176.49,2.0,176.43,16.0,176.61,1.0,176.62,4.0,176.64,4.0
176.53,176.57,176.55,0.03999999999999204,176.53,6,176.52,2.0,176.57,4,176.59,1.0,0.034482758620689655,2026-04-02 07:08:51.572545,176.51,2.0,176.5,3.0,176.49,2.0,176.61,1.0,176.62,4.0,176.64,4.0
176.57,176.64,176.605,0.06999999999999318,176.57,3,176.56,1.0,176.64,4,176.67,5.0,-0.2,2026-04-02 07:08:52.078689,176.53,6.0,176.52,2.0,176.51,2.0,176.68,8.0,176.69,1.0,176.71,3.0
176.6,176.7,176.64999999999998,0.09999999999999432,176.6,2,176.58,3.0,176.7,3,176.71,1.0,0.48148148148148145,2026-04-02 07:08:52.584877,176.54,7.0,176.53,6.0,176.52,2.0,176.72,1.0,176.73,1.0,176.74,1.0
176.6,176.68,176.64,0.0800000000000125,176.6,8,176.58,3.0,176.68,3,176.7,8.0,0.3,2026-04-02 07:08:53.088671,176.54,7.0,176.53,6.0,176.52,2.0,176.71,1.0,176.72,1.0,176.73,1.0
176.65,176.71,176.68,0.060000000000002274,176.65,4,176.63,3.0,176.71,2,176.72,3.0,-0.043478260869565216,2026-04-02 07:08:53.590320,176.61,2.0,176.58,1.0,176.57,1.0,176.73,1.0,176.74,1.0,176.75,5.0
176.65,176.72,176.685,0.06999999999999318,176.65,6,176.63,3.0,176.72,3,176.73,1.0,-0.037037037037037035,2026-04-02 07:08:54.095987,176.61,2.0,176.58,1.0,176.57,1.0,176.74,1.0,176.75,5.0,176.78,4.0
176.67,176.74,176.70499999999998,0.0700000000000216,176.67,3,176.65,11.0,176.74,2,176.75,5.0,0.05263157894736842,2026-04-02 07:08:54.602380,176.63,3.0,176.61,2.0,176.58,1.0,176.78,4.0,176.79,1.0,176.8,6.0
176.54,176.61,176.575,0.0700000000000216,176.54,2,176.53,6.0,176.61,1,176.63,4.0,0.0,2026-04-02 07:08:55.105974,176.52,2.0,176.51,2.0,176.5,3.0,176.65,2.0,176.66,3.0,176.71,5.0
176.58,176.67,176.625,0.08999999999997499,176.58,3,176.55,4.0,176.67,3,176.69,1.0,0.125,2026-04-02 07:08:55.612099,176.54,3.0,176.53,6.0,176.52,2.0,176.7,3.0,176.71,5.0,176.74,2.0
176.54,176.6,176.57,0.060000000000002274,176.54,3,176.53,6.0,176.6,2,176.62,1.0,0.14285714285714285,2026-04-02 07:08:56.114551,176.52,2.0,176.51,2.0,176.5,3.0,176.63,3.0,176.66,3.0,176.67,3.0
176.63,176.71,176.67000000000002,0.0800000000000125,176.63,1,176.62,2.0,176.71,2,176.74,2.0,-0.16666666666666666,2026-04-02 07:08:56.618257,176.61,1.0,176.6,3.0,176.57,3.0,176.75,5.0,176.78,4.0,176.79,1.0
176.54,176.61,176.575,0.0700000000000216,176.54,6,176.53,6.0,176.61,1,176.62,4.0,0.11764705882352941,2026-04-02 07:08:57.124786,176.52,2.0,176.51,2.0,176.5,3.0,176.63,3.0,176.71,5.0,176.74,2.0
176.51,176.52,176.515,0.010000000000019327,176.51,3,176.47,1.0,176.52,1,176.53,3.0,0.13636363636363635,2026-04-02 07:08:57.627003,176.46,3.0,176.45,2.0,176.43,16.0,176.55,2.0,176.56,1.0,176.57,12.0
176.48,176.55,176.515,0.0700000000000216,176.48,1,176.47,1.0,176.55,2,176.58,3.0,-0.07142857142857142,2026-04-02 07:08:58.132531,176.45,4.0,176.43,16.0,176.42,4.0,176.59,4.0,176.6,2.0,176.61,19.0
176.52,176.57,176.54500000000002,0.04999999999998295,176.52,3,176.49,3.0,176.57,3,176.58,3.0,-0.4418604651162791,2026-04-02 07:08:58.638674,176.48,1.0,176.47,1.0,176.45,4.0,176.59,4.0,176.6,2.0,176.61,19.0
176.55,176.59,176.57,0.03999999999999204,176.55,5,176.53,2.0,176.59,1,176.64,1.0,-0.3488372093023256,2026-04-02 07:08:59.145012,176.52,3.0,176.49,3.0,176.48,1.0,176.66,1.0,176.67,21.0,176.71,5.0
176.56,176.66,176.61,0.09999999999999432,176.56,3,176.55,5.0,176.66,2,176.68,1.0,0.03225806451612903,2026-04-02 07:08:59.651233,176.53,2.0,176.52,3.0,176.49,3.0,176.71,5.0,176.74,2.0,176.75,5.0
176.51,176.61,176.56,0.10000000000002274,176.51,6,176.49,2.0,176.61,3,176.62,4.0,0.037037037037037035,2026-04-02 07:09:00.154623,176.48,1.0,176.47,1.0,176.45,4.0,176.63,2.0,176.64,3.0,176.65,1.0
176.55,176.65,176.60000000000002,0.09999999999999432,176.55,2,176.52,6.0,176.65,3,176.67,2.0,0.13333333333333333,2026-04-02 07:09:00.660923,176.51,6.0,176.49,2.0,176.48,1.0,176.68,1.0,176.71,5.0,176.74,2.0
176.57,176.65,176.61,0.0800000000000125,176.57,6,176.56,2.0,176.65,5,176.67,2.0,0.23076923076923078,2026-04-02 07:09:01.162887,176.55,4.0,176.52,6.0,176.51,6.0,176.68,1.0,176.71,5.0,176.74,2.0
176.56,176.61,176.585,0.05000000000001137,176.56,2,176.55,3.0,176.61,2,176.64,1.0,0.22580645161290322,2026-04-02 07:09:01.664242,176.52,6.0,176.51,6.0,176.49,2.0,176.65,6.0,176.67,2.0,176.68,1.0
176.63,176.65,176.64,0.020000000000010232,176.63,2,176.61,1.0,176.65,10,176.67,1.0,-0.08108108108108109,2026-04-02 07:09:02.170094,176.56,5.0,176.55,3.0,176.52,6.0,176.68,2.0,176.71,5.0,176.74,2.0
176.58,176.61,176.59500000000003,0.030000000000001137,176.58,1,176.56,4.0,176.61,3,176.62,3.0,0.17647058823529413,2026-04-02 07:09:02.674503,176.55,3.0,176.52,6.0,176.51,6.0,176.67,1.0,176.68,2.0,176.71,5.0
176.56,176.61,176.585,0.05000000000001137,176.56,1,176.55,3.0,176.61,2,176.63,3.0,0.16129032258064516,2026-04-02 07:09:03.175140,176.52,6.0,176.51,6.0,176.49,2.0,176.67,1.0,176.68,2.0,176.71,5.0
176.47,176.59,176.53,0.12000000000000455,176.47,4,176.45,2.0,176.59,5,176.6,1.0,0.42105263157894735,2026-04-02 07:09:03.681202,176.43,16.0,176.42,4.0,176.37,1.0,176.61,1.0,176.63,3.0,176.67,1.0
176.48,176.56,176.51999999999998,0.0800000000000125,176.48,1,176.47,2.0,176.56,2,176.57,1.0,0.3333333333333333,2026-04-02 07:09:04.187427,176.46,1.0,176.45,4.0,176.43,16.0,176.58,3.0,176.59,5.0,176.6,1.0
176.52,176.56,176.54000000000002,0.03999999999999204,176.52,2,176.51,1.0,176.56,4,176.57,1.0,-0.12,2026-04-02 07:09:04.691705,176.48,5.0,176.47,2.0,176.46,1.0,176.58,3.0,176.59,5.0,176.6,1.0
176.59,176.63,176.61,0.03999999999999204,176.59,2,176.57,3.0,176.63,1,176.64,1.0,0.36363636363636365,2026-04-02 07:09:05.194438,176.53,5.0,176.52,4.0,176.51,1.0,176.65,2.0,176.67,1.0,176.68,2.0
176.53,176.58,176.555,0.05000000000001137,176.53,1,176.52,6.0,176.58,3,176.59,4.0,0.1111111111111111,2026-04-02 07:09:05.698506,176.51,1.0,176.48,5.0,176.47,2.0,176.6,2.0,176.61,1.0,176.63,2.0
176.48,176.56,176.51999999999998,0.0800000000000125,176.48,7,176.47,2.0,176.56,7,176.57,4.0,0.1320754716981132,2026-04-02 07:09:06.204807,176.46,1.0,176.45,4.0,176.43,16.0,176.58,1.0,176.59,9.0,176.6,2.0
176.48,176.56,176.51999999999998,0.0800000000000125,176.48,6,176.47,2.0,176.56,5,176.57,4.0,0.16,2026-04-02 07:09:06.708297,176.46,1.0,176.45,4.0,176.43,16.0,176.58,1.0,176.59,9.0,176.6,2.0
176.57,176.63,176.6,0.060000000000002274,176.57,2,176.56,1.0,176.63,4,176.64,4.0,-0.1724137931034483,2026-04-02 07:09:07.214254,176.53,1.0,176.52,5.0,176.51,3.0,176.65,6.0,176.67,1.0,176.68,2.0
176.67,176.7,176.685,0.030000000000001137,176.67,3,176.66,2.0,176.7,2,176.71,5.0,-0.02857142857142857,2026-04-02 07:09:07.716817,176.65,4.0,176.64,5.0,176.63,3.0,176.74,2.0,176.75,5.0,176.78,4.0
176.66,176.72,176.69,0.060000000000002274,176.66,5,176.65,5.0,176.72,3,176.73,3.0,0.42857142857142855,2026-04-02 07:09:08.220481,176.64,4.0,176.6,6.0,176.59,5.0,176.74,1.0,176.76,2.0,176.79,1.0
176.59,176.64,176.615,0.04999999999998295,176.59,1,176.58,6.0,176.64,4,176.65,5.0,-0.06666666666666667,2026-04-02 07:09:08.726572,176.57,1.0,176.54,5.0,176.53,1.0,176.66,3.0,176.67,3.0,176.68,1.0
176.53,176.6,176.565,0.06999999999999318,176.53,7,176.52,1.0,176.6,4,176.61,4.0,-0.06666666666666667,2026-04-02 07:09:09.228155,176.51,2.0,176.49,4.0,176.48,7.0,176.62,3.0,176.63,9.0,176.64,4.0
176.59,176.62,176.60500000000002,0.030000000000001137,176.59,4,176.58,1.0,176.62,4,176.63,9.0,-0.35135135135135137,2026-04-02 07:09:09.734522,176.57,2.0,176.55,3.0,176.54,2.0,176.64,4.0,176.65,5.0,176.66,3.0
176.66,176.71,176.685,0.05000000000001137,176.66,3,176.64,9.0,176.71,5,176.72,5.0,-0.02857142857142857,2026-04-02 07:09:10.236439,176.63,3.0,176.62,1.0,176.61,1.0,176.73,5.0,176.75,1.0,176.76,2.0
176.63,176.68,176.655,0.05000000000001137,176.63,3,176.62,1.0,176.68,2,176.69,2.0,-0.2,2026-04-02 07:09:10.739336,176.61,1.0,176.59,4.0,176.58,1.0,176.7,3.0,176.72,3.0,176.73,5.0
176.54,176.57,176.555,0.030000000000001137,176.54,3,176.51,4.0,176.57,1,176.59,1.0,0.21212121212121213,2026-04-02 07:09:11.242995,176.5,3.0,176.49,3.0,176.48,7.0,176.63,3.0,176.64,2.0,176.65,6.0
176.63,176.68,176.655,0.05000000000001137,176.63,6,176.61,2.0,176.68,3,176.69,2.0,0.0,2026-04-02 07:09:11.749281,176.6,1.0,176.59,3.0,176.55,4.0,176.7,3.0,176.72,3.0,176.73,5.0
176.73,176.8,176.765,0.0700000000000216,176.73,12,176.72,9.0,176.8,9,176.83,2.0,0.10344827586206896,2026-04-02 07:09:12.252913,176.71,4.0,176.7,2.0,176.68,5.0,176.84,4.0,176.85,5.0,176.86,6.0
176.7,176.73,176.71499999999997,0.030000000000001137,176.7,4,176.68,5.0,176.73,1,176.74,3.0,-0.05,2026-04-02 07:09:12.759231,176.67,3.0,176.65,4.0,176.64,3.0,176.75,1.0,176.76,15.0,176.77,1.0
176.55,176.63,176.59,0.07999999999998408,176.55,6,176.54,2.0,176.63,4,176.64,4.0,-0.05,2026-04-02 07:09:13.263116,176.53,4.0,176.51,4.0,176.5,3.0,176.65,5.0,176.66,4.0,176.67,4.0
176.48,176.53,176.505,0.05000000000001137,176.48,4,176.47,2.0,176.53,3,176.54,3.0,0.125,2026-04-02 07:09:13.769326,176.46,1.0,176.45,4.0,176.43,16.0,176.55,2.0,176.56,8.0,176.57,5.0
176.51,176.52,176.515,0.010000000000019327,176.51,3,176.5,1.0,176.52,2,176.54,1.0,-0.125,2026-04-02 07:09:14.277569,176.49,2.0,176.48,3.0,176.47,5.0,176.55,2.0,176.56,8.0,176.57,5.0
176.32,176.35,176.33499999999998,0.030000000000001137,176.32,1,176.31,7.0,176.35,5,176.36,4.0,0.0,2026-04-02 07:09:14.781923,176.29,1.0,176.27,4.0,176.26,3.0,176.37,3.0,176.38,2.0,176.39,2.0
176.33,176.4,176.365,0.06999999999999318,176.33,3,176.31,3.0,176.4,4,176.41,4.0,0.037037037037037035,2026-04-02 07:09:15.285462,176.29,1.0,176.27,4.0,176.26,3.0,176.42,1.0,176.43,2.0,176.44,2.0
176.49,176.53,176.51,0.03999999999999204,176.49,3,176.48,2.0,176.53,3,176.54,4.0,0.13636363636363635,2026-04-02 07:09:15.787715,176.43,8.0,176.42,6.0,176.4,6.0,176.55,3.0,176.56,4.0,176.57,5.0
176.4,176.44,176.42000000000002,0.03999999999999204,176.4,7,176.38,4.0,176.44,5,176.46,6.0,-0.04,2026-04-02 07:09:16.294925,176.37,3.0,176.33,7.0,176.31,3.0,176.47,1.0,176.5,8.0,176.51,6.0
176.41,176.46,176.435,0.05000000000001137,176.41,1,176.4,1.0,176.46,2,176.47,2.0,0.14285714285714285,2026-04-02 07:09:16.801199,176.38,4.0,176.37,3.0,176.33,7.0,176.48,2.0,176.49,2.0,176.5,4.0
176.31,176.38,176.345,0.06999999999999318,176.31,5,176.3,2.0,176.38,2,176.39,1.0,0.07142857142857142,2026-04-02 07:09:17.307375,176.29,3.0,176.28,1.0,176.27,4.0,176.4,6.0,176.41,2.0,176.42,2.0
176.31,176.37,176.34,0.060000000000002274,176.31,3,176.3,6.0,176.37,3,176.39,7.0,-0.14285714285714285,2026-04-02 07:09:17.809130,176.29,1.0,176.28,1.0,176.27,4.0,176.4,6.0,176.41,2.0,176.42,2.0
176.29,176.34,176.315,0.05000000000001137,176.29,3,176.28,1.0,176.34,1,176.35,1.0,0.06666666666666667,2026-04-02 07:09:18.314714,176.27,4.0,176.26,3.0,176.24,5.0,176.36,2.0,176.37,3.0,176.39,7.0
176.37,176.42,176.39499999999998,0.04999999999998295,176.37,3,176.36,4.0,176.42,2,176.46,4.0,0.3142857142857143,2026-04-02 07:09:18.819575,176.35,8.0,176.34,5.0,176.33,3.0,176.47,2.0,176.48,2.0,176.49,2.0
176.33,176.39,176.36,0.05999999999997385,176.33,4,176.32,2.0,176.39,4,176.4,3.0,-0.18518518518518517,2026-04-02 07:09:19.322560,176.31,1.0,176.3,1.0,176.29,3.0,176.42,3.0,176.46,4.0,176.47,2.0
176.33,176.39,176.36,0.05999999999997385,176.33,4,176.32,2.0,176.39,4,176.4,3.0,-0.18518518518518517,2026-04-02 07:09:19.829044,176.31,1.0,176.3,1.0,176.29,3.0,176.42,3.0,176.46,4.0,176.47,2.0
176.34,176.39,176.365,0.04999999999998295,176.34,2,176.33,6.0,176.39,3,176.4,3.0,-0.1111111111111111,2026-04-02 07:09:20.335128,176.32,2.0,176.31,1.0,176.3,1.0,176.42,3.0,176.46,4.0,176.47,2.0
176.3,176.33,176.315,0.030000000000001137,176.3,1,176.29,3.0,176.33,2,176.34,2.0,0.2631578947368421,2026-04-02 07:09:20.839857,176.28,1.0,176.27,4.0,176.26,3.0,176.35,1.0,176.36,1.0,176.39,1.0
176.3,176.34,176.32,0.03999999999999204,176.3,2,176.29,1.0,176.34,11,176.35,3.0,-0.42857142857142855,2026-04-02 07:09:21.344306,176.28,2.0,176.27,1.0,176.26,2.0,176.36,1.0,176.37,4.0,176.38,1.0
176.22,176.26,176.24,0.03999999999999204,176.22,5,176.2,6.0,176.26,2,176.28,2.0,0.42857142857142855,2026-04-02 07:09:21.848020,176.16,1.0,176.14,8.0,176.13,10.0,176.29,2.0,176.3,3.0,176.32,3.0
176.27,176.33,176.3,0.060000000000002274,176.27,4,176.26,2.0,176.33,1,176.34,10.0,-0.08571428571428572,2026-04-02 07:09:22.354344,176.25,3.0,176.24,5.0,176.23,2.0,176.35,3.0,176.36,1.0,176.37,4.0
176.33,176.39,176.36,0.05999999999997385,176.33,3,176.32,4.0,176.39,2,176.4,15.0,-0.2830188679245283,2026-04-02 07:09:22.856124,176.31,2.0,176.28,8.0,176.27,2.0,176.41,1.0,176.45,3.0,176.47,13.0
176.35,176.42,176.385,0.06999999999999318,176.35,4,176.34,2.0,176.42,4,176.45,3.0,-0.23076923076923078,2026-04-02 07:09:23.358926,176.33,1.0,176.3,7.0,176.29,1.0,176.47,13.0,176.48,2.0,176.49,2.0
176.42,176.48,176.45,0.060000000000002274,176.42,3,176.41,3.0,176.48,4,176.49,5.0,-0.1282051282051282,2026-04-02 07:09:23.864964,176.39,1.0,176.35,8.0,176.34,2.0,176.5,4.0,176.51,6.0,176.52,3.0
176.36,176.45,176.405,0.08999999999997499,176.36,5,176.35,8.0,176.45,3,176.46,1.0,0.12195121951219512,2026-04-02 07:09:24.365916,176.34,2.0,176.33,1.0,176.3,7.0,176.48,5.0,176.49,5.0,176.5,4.0
176.4,176.48,176.44,0.07999999999998408,176.4,6,176.36,10.0,176.48,5,176.49,5.0,0.08,2026-04-02 07:09:24.868893,176.35,8.0,176.34,2.0,176.33,1.0,176.5,4.0,176.51,6.0,176.52,3.0
176.36,176.44,176.4,0.07999999999998408,176.36,6,176.35,8.0,176.44,5,176.45,1.0,0.23076923076923078,2026-04-02 07:09:25.372077,176.34,2.0,176.33,1.0,176.3,7.0,176.46,2.0,176.47,2.0,176.48,5.0
176.27,176.33,176.3,0.060000000000002274,176.27,3,176.26,5.0,176.33,3,176.35,4.0,0.2,2026-04-02 07:09:25.877328,176.23,1.0,176.22,6.0,176.2,6.0,176.38,3.0,176.39,2.0,176.4,2.0
176.27,176.34,176.305,0.06999999999999318,176.27,3,176.26,5.0,176.34,3,176.35,3.0,0.3125,2026-04-02 07:09:26.381326,176.23,1.0,176.22,6.0,176.2,6.0,176.37,1.0,176.38,1.0,176.39,3.0
176.19,176.24,176.215,0.05000000000001137,176.19,2,176.16,1.0,176.24,3,176.25,5.0,0.2,2026-04-02 07:09:26.886284,176.14,8.0,176.13,10.0,176.12,3.0,176.26,1.0,176.27,4.0,176.28,3.0
176.23,176.3,176.265,0.0700000000000216,176.23,5,176.22,6.0,176.3,2,176.31,2.0,0.10344827586206896,2026-04-02 07:09:27.392470,176.21,2.0,176.19,2.0,176.16,1.0,176.33,3.0,176.34,2.0,176.36,4.0
176.21,176.27,176.24,0.060000000000002274,176.21,2,176.19,2.0,176.27,1,176.29,2.0,0.3142857142857143,2026-04-02 07:09:27.898918,176.16,1.0,176.14,8.0,176.13,10.0,176.3,2.0,176.33,3.0,176.34,4.0
176.23,176.3,176.265,0.0700000000000216,176.23,3,176.22,2.0,176.3,5,176.33,3.0,-0.3548387096774194,2026-04-02 07:09:28.400679,176.21,2.0,176.19,2.0,176.16,1.0,176.34,4.0,176.36,4.0,176.37,5.0
176.27,176.33,176.3,0.060000000000002274,176.27,3,176.26,1.0,176.33,3,176.34,4.0,-0.13333333333333333,2026-04-02 07:09:28.906205,176.25,4.0,176.24,2.0,176.22,3.0,176.36,4.0,176.37,5.0,176.38,1.0
176.27,176.33,176.3,0.060000000000002274,176.27,2,176.26,3.0,176.33,4,176.34,4.0,-0.16129032258064516,2026-04-02 07:09:29.408137,176.25,3.0,176.24,2.0,176.22,3.0,176.36,4.0,176.37,5.0,176.38,1.0
176.22,176.26,176.24,0.03999999999999204,176.22,1,176.21,1.0,176.26,3,176.27,1.0,0.04,2026-04-02 07:09:29.912277,176.19,2.0,176.16,1.0,176.14,8.0,176.28,2.0,176.29,1.0,176.3,5.0
176.19,176.23,176.20999999999998,0.03999999999999204,176.19,3,176.16,1.0,176.23,1,176.26,6.0,0.3888888888888889,2026-04-02 07:09:30.414065,176.14,8.0,176.13,10.0,176.12,3.0,176.27,1.0,176.28,2.0,176.29,1.0
176.21,176.25,176.23000000000002,0.03999999999999204,176.21,1,176.2,2.0,176.25,3,176.26,1.0,0.30434782608695654,2026-04-02 07:09:30.920371,176.19,3.0,176.16,1.0,176.14,8.0,176.27,1.0,176.28,2.0,176.29,1.0
176.28,176.35,176.315,0.06999999999999318,176.28,9,176.27,2.0,176.35,4,176.36,4.0,0.0,2026-04-02 07:09:31.426787,176.26,4.0,176.25,1.0,176.24,1.0,176.37,5.0,176.38,1.0,176.39,3.0
176.37,176.41,176.39,0.03999999999999204,176.37,2,176.36,2.0,176.41,2,176.42,7.0,-0.28,2026-04-02 07:09:31.929820,176.35,1.0,176.34,2.0,176.33,2.0,176.43,1.0,176.44,1.0,176.49,5.0
176.36,176.43,176.395,0.06999999999999318,176.36,3,176.35,1.0,176.43,7,176.44,1.0,-0.3142857142857143,2026-04-02 07:09:32.435959,176.33,4.0,176.32,3.0,176.31,1.0,176.49,5.0,176.5,4.0,176.51,6.0
176.27,176.33,176.3,0.060000000000002274,176.27,5,176.26,4.0,176.33,2,176.34,1.0,0.2631578947368421,2026-04-02 07:09:32.942299,176.25,1.0,176.24,1.0,176.22,1.0,176.35,2.0,176.36,1.0,176.37,1.0
176.26,176.31,176.285,0.05000000000001137,176.26,4,176.25,1.0,176.31,3,176.33,2.0,-0.14285714285714285,2026-04-02 07:09:33.448285,176.24,1.0,176.22,1.0,176.21,2.0,176.38,1.0,176.39,3.0,176.4,3.0
176.25,176.32,176.285,0.06999999999999318,176.25,6,176.24,1.0,176.32,1,176.33,2.0,0.09090909090909091,2026-04-02 07:09:33.954620,176.22,1.0,176.21,2.0,176.2,2.0,176.38,1.0,176.39,3.0,176.4,3.0
176.36,176.43,176.395,0.06999999999999318,176.36,6,176.35,2.0,176.43,6,176.44,1.0,0.0,2026-04-02 07:09:34.460344,176.34,7.0,176.33,4.0,176.32,3.0,176.49,5.0,176.5,4.0,176.51,6.0
176.39,176.43,176.41,0.040000000000020464,176.39,2,176.38,2.0,176.43,6,176.44,1.0,-0.1,2026-04-02 07:09:34.966504,176.37,6.0,176.36,6.0,176.35,2.0,176.49,5.0,176.5,4.0,176.51,6.0
176.32,176.38,176.35,0.060000000000002274,176.32,3,176.31,3.0,176.38,2,176.39,1.0,-0.034482758620689655,2026-04-02 07:09:35.468330,176.3,1.0,176.29,5.0,176.28,2.0,176.41,4.0,176.43,7.0,176.44,1.0
176.34,176.4,176.37,0.060000000000002274,176.34,1,176.33,4.0,176.4,3,176.41,3.0,-0.1875,2026-04-02 07:09:35.974515,176.32,4.0,176.31,3.0,176.3,1.0,176.43,7.0,176.44,1.0,176.49,5.0
176.36,176.41,176.385,0.04999999999998295,176.36,6,176.35,4.0,176.41,2,176.42,3.0,-0.058823529411764705,2026-04-02 07:09:36.476280,176.34,1.0,176.33,4.0,176.32,1.0,176.43,7.0,176.44,1.0,176.49,5.0
176.34,176.4,176.37,0.060000000000002274,176.34,4,176.33,6.0,176.4,4,176.41,2.0,0.08108108108108109,2026-04-02 07:09:36.977788,176.32,1.0,176.31,4.0,176.3,5.0,176.42,3.0,176.43,7.0,176.44,1.0
176.53,176.56,176.54500000000002,0.030000000000001137,176.53,2,176.52,4.0,176.56,4,176.57,5.0,0.02857142857142857,2026-04-02 07:09:37.484167,176.51,5.0,176.48,4.0,176.46,3.0,176.58,2.0,176.59,4.0,176.6,2.0
176.42,176.53,176.475,0.11000000000001364,176.42,4,176.41,2.0,176.53,2,176.54,1.0,-0.034482758620689655,2026-04-02 07:09:37.988357,176.38,5.0,176.37,1.0,176.36,2.0,176.55,2.0,176.56,5.0,176.57,5.0
176.37,176.42,176.39499999999998,0.04999999999998295,176.37,2,176.36,4.0,176.42,5,176.45,3.0,0.024390243902439025,2026-04-02 07:09:38.494600,176.35,2.0,176.34,7.0,176.33,6.0,176.46,4.0,176.47,3.0,176.48,5.0
176.3,176.35,176.325,0.04999999999998295,176.3,8,176.29,2.0,176.35,5,176.36,2.0,0.10526315789473684,2026-04-02 07:09:39.000782,176.28,1.0,176.27,4.0,176.25,6.0,176.39,5.0,176.4,2.0,176.41,3.0
176.27,176.3,176.28500000000003,0.030000000000001137,176.27,2,176.25,6.0,176.3,3,176.31,3.0,-0.14285714285714285,2026-04-02 07:09:39.506484,176.24,1.0,176.22,1.0,176.21,2.0,176.33,3.0,176.34,3.0,176.35,4.0
176.21,176.24,176.22500000000002,0.030000000000001137,176.21,7,176.2,2.0,176.24,2,176.25,5.0,0.16666666666666666,2026-04-02 07:09:40.012520,176.19,3.0,176.16,1.0,176.14,8.0,176.26,1.0,176.27,3.0,176.28,4.0
176.15,176.19,176.17000000000002,0.03999999999999204,176.15,1,176.14,3.0,176.19,2,176.2,3.0,0.10526315789473684,2026-04-02 07:09:40.518901,176.13,9.0,176.12,3.0,176.07,5.0,176.21,5.0,176.22,2.0,176.23,5.0
176.13,176.18,176.155,0.05000000000001137,176.13,2,176.12,3.0,176.18,9,176.19,2.0,-0.05,2026-04-02 07:09:41.021186,176.11,4.0,176.07,5.0,176.03,5.0,176.2,3.0,176.21,5.0,176.22,2.0
176.13,176.18,176.155,0.05000000000001137,176.13,2,176.12,3.0,176.18,9,176.19,2.0,-0.05,2026-04-02 07:09:41.527531,176.11,4.0,176.07,5.0,176.03,5.0,176.2,3.0,176.21,5.0,176.22,2.0
176.15,176.19,176.17000000000002,0.03999999999999204,176.15,1,176.14,4.0,176.19,3,176.2,3.0,-0.058823529411764705,2026-04-02 07:09:42.029833,176.13,2.0,176.12,5.0,176.11,4.0,176.21,5.0,176.22,2.0,176.23,5.0
176.15,176.21,176.18,0.060000000000002274,176.15,4,176.14,4.0,176.21,2,176.22,3.0,0.08108108108108109,2026-04-02 07:09:42.534661,176.13,3.0,176.12,5.0,176.11,4.0,176.23,7.0,176.24,2.0,176.27,3.0
176.07,176.1,176.08499999999998,0.030000000000001137,176.07,2,176.06,1.0,176.1,1,176.11,5.0,0.18181818181818182,2026-04-02 07:09:43.037074,176.05,2.0,176.04,3.0,176.03,5.0,176.13,1.0,176.16,1.0,176.17,1.0
176.06,176.1,176.07999999999998,0.03999999999999204,176.06,2,176.05,3.0,176.1,2,176.14,3.0,0.2,2026-04-02 07:09:43.543494,176.04,4.0,176.03,5.0,176.02,1.0,176.16,1.0,176.17,1.0,176.2,3.0
176.04,176.09,176.065,0.05000000000001137,176.04,2,176.03,3.0,176.09,1,176.1,2.0,0.4074074074074074,2026-04-02 07:09:44.048704,176.02,2.0,176.01,1.0,176.0,11.0,176.14,3.0,176.16,1.0,176.17,1.0
176.02,176.05,176.03500000000003,0.030000000000001137,176.02,2,176.01,4.0,176.05,2,176.06,1.0,0.4444444444444444,2026-04-02 07:09:44.554444,176.0,11.0,175.99,4.0,175.98,5.0,176.08,3.0,176.09,2.0,176.1,2.0
176.05,176.09,176.07,0.03999999999999204,176.05,1,176.04,2.0,176.09,3,176.1,2.0,0.13043478260869565,2026-04-02 07:09:45.060757,176.03,2.0,176.02,4.0,176.01,4.0,176.14,3.0,176.16,1.0,176.17,1.0
176.05,176.09,176.07,0.03999999999999204,176.05,5,176.04,2.0,176.09,2,176.1,2.0,0.3076923076923077,2026-04-02 07:09:45.565117,176.03,2.0,176.02,4.0,176.01,4.0,176.14,3.0,176.16,1.0,176.17,1.0
176.03,176.09,176.06,0.060000000000002274,176.03,2,176.01,5.0,176.09,5,176.1,2.0,0.38461538461538464,2026-04-02 07:09:46.071470,176.0,11.0,175.99,4.0,175.98,5.0,176.14,3.0,176.16,1.0,176.17,1.0
176.03,176.09,176.06,0.060000000000002274,176.03,4,176.01,5.0,176.09,4,176.1,2.0,0.45,2026-04-02 07:09:46.577837,176.0,11.0,175.99,4.0,175.98,5.0,176.14,3.0,176.16,1.0,176.17,1.0
176.01,176.05,176.03,0.040000000000020464,176.01,5,176.0,11.0,176.05,2,176.06,4.0,0.2,2026-04-02 07:09:47.084049,175.99,4.0,175.98,5.0,175.97,2.0,176.09,7.0,176.1,2.0,176.14,3.0
175.93,176.01,175.97,0.07999999999998408,175.93,3,175.92,3.0,176.01,4,176.03,7.0,0.0,2026-04-02 07:09:47.590214,175.91,3.0,175.89,5.0,175.88,7.0,176.04,3.0,176.05,3.0,176.06,4.0
176.06,176.1,176.07999999999998,0.03999999999999204,176.06,1,176.05,2.0,176.1,2,176.14,3.0,-0.05263157894736842,2026-04-02 07:09:48.093308,176.04,1.0,176.03,2.0,176.02,3.0,176.16,1.0,176.17,1.0,176.2,3.0
176.06,176.1,176.07999999999998,0.03999999999999204,176.06,2,176.05,2.0,176.1,2,176.12,2.0,0.17647058823529413,2026-04-02 07:09:48.599619,176.04,1.0,176.03,2.0,176.02,3.0,176.14,1.0,176.16,1.0,176.17,1.0
176.21,176.25,176.23000000000002,0.03999999999999204,176.21,1,176.2,3.0,176.25,3,176.27,3.0,-0.17647058823529413,2026-04-02 07:09:49.103139,176.19,4.0,176.18,4.0,176.17,2.0,176.29,5.0,176.3,6.0,176.31,3.0
176.11,176.19,176.15,0.07999999999998408,176.11,2,176.1,1.0,176.19,2,176.2,3.0,-0.043478260869565216,2026-04-02 07:09:49.609674,176.08,1.0,176.07,5.0,176.06,2.0,176.21,1.0,176.22,3.0,176.23,3.0
176.14,176.2,176.17,0.060000000000002274,176.14,2,176.13,1.0,176.2,5,176.21,4.0,-0.5,2026-04-02 07:09:50.111900,176.11,1.0,176.1,1.0,176.08,1.0,176.22,3.0,176.23,3.0,176.24,3.0
176.07,176.15,176.11,0.0800000000000125,176.07,3,176.06,2.0,176.15,3,176.16,4.0,-0.3333333333333333,2026-04-02 07:09:50.618134,176.05,2.0,176.04,1.0,176.03,2.0,176.19,4.0,176.2,5.0,176.21,4.0
176.06,176.14,176.1,0.07999999999998408,176.06,3,176.05,6.0,176.14,4,176.15,2.0,-0.11764705882352941,2026-04-02 07:09:51.121404,176.04,2.0,176.02,3.0,176.01,1.0,176.16,4.0,176.19,4.0,176.2,5.0
176.19,176.23,176.20999999999998,0.03999999999999204,176.19,3,176.17,3.0,176.23,2,176.25,1.0,0.07692307692307693,2026-04-02 07:09:51.627661,176.16,1.0,176.15,4.0,176.14,3.0,176.26,1.0,176.27,3.0,176.29,5.0
176.11,176.16,176.135,0.04999999999998295,176.11,3,176.1,3.0,176.16,1,176.17,2.0,0.07142857142857142,2026-04-02 07:09:52.133893,176.09,4.0,176.08,2.0,176.06,3.0,176.19,3.0,176.2,3.0,176.21,4.0
176.0,176.06,176.03,0.060000000000002274,176.0,3,175.99,2.0,176.06,2,176.07,1.0,0.0,2026-04-02 07:09:52.634638,175.98,2.0,175.95,4.0,175.93,2.0,176.08,2.0,176.09,3.0,176.11,5.0
176.02,176.08,176.05,0.060000000000002274,176.02,2,176.01,7.0,176.08,1,176.09,2.0,0.23076923076923078,2026-04-02 07:09:53.139964,176.0,3.0,175.99,2.0,175.98,2.0,176.11,5.0,176.17,1.0,176.19,1.0
176.06,176.12,176.09,0.060000000000002274,176.06,1,176.05,4.0,176.12,2,176.13,1.0,0.4166666666666667,2026-04-02 07:09:53.645982,176.04,2.0,176.02,3.0,176.01,7.0,176.16,2.0,176.17,1.0,176.19,1.0
176.11,176.19,176.15,0.07999999999998408,176.11,2,176.1,3.0,176.19,1,176.2,5.0,0.12,2026-04-02 07:09:54.151497,176.07,5.0,176.06,2.0,176.05,2.0,176.21,1.0,176.23,3.0,176.24,1.0
176.09,176.15,176.12,0.060000000000002274,176.09,1,176.07,2.0,176.15,4,176.16,1.0,-0.05263157894736842,2026-04-02 07:09:54.658061,176.06,2.0,176.05,2.0,176.04,2.0,176.17,2.0,176.18,2.0,176.19,1.0
176.09,176.15,176.12,0.060000000000002274,176.09,3,176.07,2.0,176.15,3,176.16,2.0,-0.15384615384615385,2026-04-02 07:09:55.164045,176.06,2.0,176.05,2.0,176.04,2.0,176.17,4.0,176.18,1.0,176.19,5.0
176.1,176.15,176.125,0.05000000000001137,176.1,1,176.09,6.0,176.15,2,176.16,4.0,-0.13333333333333333,2026-04-02 07:09:55.665672,176.07,2.0,176.06,2.0,176.05,2.0,176.17,4.0,176.18,1.0,176.19,6.0
176.13,176.19,176.16,0.060000000000002274,176.13,2,176.12,4.0,176.19,9,176.2,5.0,-0.11764705882352941,2026-04-02 07:09:56.170687,176.11,2.0,176.1,4.0,176.09,3.0,176.21,1.0,176.23,3.0,176.24,1.0
176.31,176.36,176.335,0.05000000000001137,176.31,4,176.3,4.0,176.36,2,176.37,7.0,-0.11764705882352941,2026-04-02 07:09:56.672148,176.29,4.0,176.28,1.0,176.27,2.0,176.39,5.0,176.4,2.0,176.41,3.0
176.33,176.39,176.36,0.05999999999997385,176.33,6,176.31,4.0,176.39,1,176.4,2.0,0.1875,2026-04-02 07:09:57.178421,176.3,4.0,176.29,4.0,176.28,1.0,176.41,3.0,176.42,4.0,176.45,3.0
176.37,176.42,176.39499999999998,0.04999999999998295,176.37,4,176.36,3.0,176.42,6,176.45,3.0,-0.07692307692307693,2026-04-02 07:09:57.684784,176.33,3.0,176.32,4.0,176.31,4.0,176.46,4.0,176.47,3.0,176.48,5.0
176.37,176.43,176.4,0.060000000000002274,176.37,5,176.36,3.0,176.43,3,176.44,4.0,-0.02564102564102564,2026-04-02 07:09:58.186991,176.33,3.0,176.32,4.0,176.31,4.0,176.45,6.0,176.46,4.0,176.47,3.0
176.32,176.37,176.345,0.05000000000001137,176.32,4,176.31,4.0,176.37,1,176.38,3.0,0.3076923076923077,2026-04-02 07:09:58.693186,176.3,4.0,176.29,4.0,176.28,1.0,176.39,1.0,176.4,1.0,176.42,3.0
176.33,176.37,176.35000000000002,0.03999999999999204,176.33,2,176.32,3.0,176.37,3,176.38,3.0,0.26666666666666666,2026-04-02 07:09:59.199446,176.31,6.0,176.3,4.0,176.29,4.0,176.39,1.0,176.4,1.0,176.42,3.0
176.28,176.32,176.3,0.03999999999999204,176.28,3,176.27,2.0,176.32,2,176.33,3.0,0.0967741935483871,2026-04-02 07:09:59.705815,176.24,6.0,176.23,4.0,176.22,2.0,176.34,2.0,176.35,3.0,176.36,4.0
176.38,176.45,176.415,0.06999999999999318,176.38,4,176.37,3.0,176.45,3,176.46,1.0,0.0967741935483871,2026-04-02 07:10:00.206687,176.35,6.0,176.34,3.0,176.33,1.0,176.47,3.0,176.48,5.0,176.49,2.0
176.43,176.48,176.45499999999998,0.04999999999998295,176.43,4,176.42,2.0,176.48,2,176.49,4.0,0.07142857142857142,2026-04-02 07:10:00.712440,176.41,4.0,176.39,2.0,176.38,3.0,176.53,4.0,176.54,1.0,176.55,2.0
176.41,176.44,176.425,0.030000000000001137,176.41,4,176.39,2.0,176.44,1,176.46,3.0,0.2413793103448276,2026-04-02 07:10:01.213910,176.38,3.0,176.37,3.0,176.35,6.0,176.47,1.0,176.48,2.0,176.49,4.0
176.42,176.48,176.45,0.060000000000002274,176.42,2,176.41,1.0,176.48,5,176.49,4.0,-0.14285714285714285,2026-04-02 07:10:01.718551,176.4,1.0,176.39,5.0,176.38,3.0,176.53,4.0,176.54,1.0,176.55,2.0
176.55,176.59,176.57,0.03999999999999204,176.55,3,176.54,2.0,176.59,2,176.6,2.0,-0.125,2026-04-02 07:10:02.220205,176.52,3.0,176.51,1.0,176.49,5.0,176.63,5.0,176.64,4.0,176.65,5.0
176.4,176.49,176.445,0.09000000000000341,176.4,5,176.39,3.0,176.49,8,176.53,2.0,0.047619047619047616,2026-04-02 07:10:02.724335,176.38,5.0,176.37,3.0,176.35,6.0,176.54,1.0,176.58,4.0,176.59,5.0
176.42,176.49,176.45499999999998,0.0700000000000216,176.42,6,176.4,4.0,176.49,3,176.5,1.0,0.4,2026-04-02 07:10:03.225424,176.39,3.0,176.38,5.0,176.37,3.0,176.51,2.0,176.53,2.0,176.54,1.0
176.44,176.48,176.45999999999998,0.03999999999999204,176.44,3,176.43,2.0,176.48,2,176.49,3.0,0.034482758620689655,2026-04-02 07:10:03.731554,176.42,2.0,176.41,3.0,176.4,5.0,176.5,5.0,176.51,2.0,176.53,2.0
176.4,176.45,176.425,0.04999999999998295,176.4,10,176.39,3.0,176.45,2,176.46,3.0,0.3170731707317073,2026-04-02 07:10:04.233285,176.38,5.0,176.37,3.0,176.35,6.0,176.47,5.0,176.48,1.0,176.49,3.0
176.34,176.41,176.375,0.06999999999999318,176.34,2,176.33,2.0,176.41,2,176.42,5.0,-0.22580645161290322,2026-04-02 07:10:04.739859,176.32,2.0,176.29,1.0,176.28,5.0,176.44,4.0,176.45,5.0,176.46,3.0
176.38,176.39,176.385,0.009999999999990905,176.38,1,176.35,1.0,176.39,1,176.4,1.0,-0.1,2026-04-02 07:10:05.245779,176.34,3.0,176.33,2.0,176.32,2.0,176.41,4.0,176.42,2.0,176.43,3.0
176.35,176.39,176.37,0.03999999999999204,176.35,2,176.34,3.0,176.39,2,176.4,1.0,-0.2,2026-04-02 07:10:05.752140,176.33,2.0,176.32,2.0,176.29,1.0,176.41,4.0,176.42,5.0,176.43,3.0
176.27,176.31,176.29000000000002,0.03999999999999204,176.27,3,176.24,6.0,176.31,1,176.32,2.0,0.2413793103448276,2026-04-02 07:10:06.255083,176.23,4.0,176.22,2.0,176.2,3.0,176.33,4.0,176.34,2.0,176.35,2.0
176.37,176.43,176.4,0.060000000000002274,176.37,3,176.36,1.0,176.43,2,176.44,1.0,0.0,2026-04-02 07:10:06.759491,176.35,1.0,176.32,5.0,176.31,2.0,176.46,3.0,176.47,4.0,176.49,2.0
176.32,176.38,176.35,0.060000000000002274,176.32,2,176.31,2.0,176.38,1,176.39,3.0,0.09090909090909091,2026-04-02 07:10:07.260784,176.3,3.0,176.29,3.0,176.28,2.0,176.4,1.0,176.41,4.0,176.42,1.0
176.36,176.41,176.385,0.04999999999998295,176.36,4,176.35,3.0,176.41,2,176.43,2.0,0.10344827586206896,2026-04-02 07:10:07.766589,176.34,4.0,176.33,3.0,176.32,2.0,176.44,3.0,176.45,4.0,176.46,2.0
176.33,176.4,176.365,0.06999999999999318,176.33,2,176.32,2.0,176.4,2,176.42,3.0,-0.034482758620689655,2026-04-02 07:10:08.271899,176.31,4.0,176.3,3.0,176.29,3.0,176.43,1.0,176.44,5.0,176.45,4.0
176.23,176.27,176.25,0.040000000000020464,176.23,2,176.22,2.0,176.27,2,176.29,3.0,-0.034482758620689655,2026-04-02 07:10:08.778086,176.21,3.0,176.2,3.0,176.19,4.0,176.3,1.0,176.31,6.0,176.32,3.0
176.27,176.32,176.29500000000002,0.04999999999998295,176.27,1,176.26,2.0,176.32,3,176.33,2.0,-0.037037037037037035,2026-04-02 07:10:09.282948,176.25,5.0,176.24,3.0,176.23,2.0,176.34,4.0,176.35,4.0,176.36,1.0
176.36,176.41,176.385,0.04999999999998295,176.36,2,176.35,2.0,176.41,2,176.42,2.0,-0.07142857142857142,2026-04-02 07:10:09.789246,176.34,2.0,176.33,2.0,176.32,5.0,176.44,5.0,176.45,4.0,176.46,2.0
176.37,176.43,176.4,0.060000000000002274,176.37,1,176.36,2.0,176.43,1,176.44,6.0,-0.21428571428571427,2026-04-02 07:10:10.293719,176.34,1.0,176.33,2.0,176.32,5.0,176.45,4.0,176.46,2.0,176.47,4.0
176.49,176.54,176.515,0.04999999999998295,176.49,1,176.46,5.0,176.54,2,176.55,2.0,-0.034482758620689655,2026-04-02 07:10:10.797860,176.45,2.0,176.44,2.0,176.43,4.0,176.56,2.0,176.58,4.0,176.59,5.0
176.47,176.53,176.5,0.060000000000002274,176.47,6,176.45,2.0,176.53,2,176.54,3.0,0.10344827586206896,2026-04-02 07:10:11.303980,176.44,2.0,176.43,4.0,176.42,2.0,176.55,2.0,176.56,2.0,176.58,4.0
176.54,176.58,176.56,0.040000000000020464,176.54,3,176.52,1.0,176.58,1,176.59,4.0,-0.06666666666666667,2026-04-02 07:10:11.810084,176.51,2.0,176.48,2.0,176.47,6.0,176.6,2.0,176.61,2.0,176.63,7.0
176.55,176.61,176.58,0.060000000000002274,176.55,1,176.54,5.0,176.61,1,176.62,1.0,-0.1111111111111111,2026-04-02 07:10:12.311896,176.52,2.0,176.51,3.0,176.49,1.0,176.63,4.0,176.64,4.0,176.65,5.0
176.64,176.68,176.66,0.040000000000020464,176.64,4,176.63,1.0,176.68,3,176.69,2.0,-0.0967741935483871,2026-04-02 07:10:12.816694,176.62,5.0,176.61,1.0,176.58,3.0,176.7,4.0,176.71,4.0,176.72,4.0
176.68,176.8,176.74,0.12000000000000455,176.68,3,176.67,4.0,176.8,10,176.83,2.0,-0.2,2026-04-02 07:10:13.322190,176.66,2.0,176.65,4.0,176.64,5.0,176.84,4.0,176.85,5.0,176.86,6.0
176.74,176.79,176.765,0.04999999999998295,176.74,5,176.72,4.0,176.79,7,176.8,1.0,-0.1111111111111111,2026-04-02 07:10:13.828038,176.71,1.0,176.7,2.0,176.69,4.0,176.81,4.0,176.82,2.0,176.85,6.0
176.68,176.73,176.70499999999998,0.04999999999998295,176.68,5,176.67,4.0,176.73,3,176.74,6.0,0.02564102564102564,2026-04-02 07:10:14.333982,176.66,2.0,176.65,4.0,176.64,5.0,176.75,2.0,176.76,3.0,176.77,5.0
176.7,176.74,176.72,0.040000000000020464,176.7,1,176.69,4.0,176.74,2,176.76,5.0,-0.15789473684210525,2026-04-02 07:10:14.840016,176.68,5.0,176.67,4.0,176.66,2.0,176.77,5.0,176.78,5.0,176.79,5.0
176.73,176.79,176.76,0.060000000000002274,176.73,6,176.72,4.0,176.79,5,176.8,1.0,0.16279069767441862,2026-04-02 07:10:15.342109,176.71,5.0,176.69,5.0,176.68,5.0,176.81,4.0,176.82,2.0,176.85,6.0
176.73,176.76,176.745,0.030000000000001137,176.73,2,176.72,3.0,176.76,1,176.77,2.0,0.3333333333333333,2026-04-02 07:10:15.845381,176.71,5.0,176.69,5.0,176.68,5.0,176.78,2.0,176.79,4.0,176.8,1.0
176.72,176.78,176.75,0.060000000000002274,176.72,4,176.7,3.0,176.78,3,176.8,4.0,0.05,2026-04-02 07:10:16.346610,176.69,5.0,176.68,5.0,176.67,4.0,176.81,4.0,176.82,2.0,176.85,6.0
176.69,176.71,176.7,0.020000000000010232,176.69,5,176.68,5.0,176.71,5,176.73,5.0,-0.6774193548387096,2026-04-02 07:10:16.852473,176.67,4.0,176.66,2.0,176.65,4.0,176.74,3.0,176.75,89.0,176.76,2.0
176.63,176.65,176.64,0.020000000000010232,176.63,5,176.62,5.0,176.65,2,176.67,1.0,0.1724137931034483,2026-04-02 07:10:17.358588,176.61,1.0,176.58,3.0,176.57,3.0,176.69,2.0,176.7,2.0,176.71,5.0
176.73,176.78,176.755,0.05000000000001137,176.73,3,176.72,3.0,176.78,1,176.79,2.0,0.12,2026-04-02 07:10:17.864935,176.69,2.0,176.67,3.0,176.66,3.0,176.8,2.0,176.81,4.0,176.82,2.0
176.84,176.87,176.85500000000002,0.030000000000001137,176.84,1,176.83,2.0,176.87,6,176.88,3.0,-0.2727272727272727,2026-04-02 07:10:18.370585,176.82,1.0,176.81,4.0,176.8,4.0,176.89,3.0,176.9,3.0,176.92,6.0
176.87,176.92,176.89499999999998,0.04999999999998295,176.87,2,176.86,2.0,176.92,2,176.93,2.0,0.04,2026-04-02 07:10:18.876635,176.85,3.0,176.84,4.0,176.83,2.0,176.94,1.0,176.95,4.0,176.98,3.0
176.92,176.97,176.945,0.05000000000001137,176.92,4,176.91,1.0,176.97,2,176.98,2.0,-0.07692307692307693,2026-04-02 07:10:19.378617,176.9,3.0,176.89,2.0,176.86,2.0,177.0,7.0,177.02,2.0,177.03,1.0
176.92,176.99,176.95499999999998,0.0700000000000216,176.92,2,176.91,2.0,176.99,6,177.0,7.0,-0.3125,2026-04-02 07:10:19.884605,176.9,3.0,176.89,2.0,176.86,2.0,177.02,2.0,177.03,1.0,177.05,5.0
176.89,176.91,176.89999999999998,0.020000000000010232,176.89,3,176.86,2.0,176.91,5,176.93,1.0,-0.08571428571428572,2026-04-02 07:10:20.389315,176.85,5.0,176.84,4.0,176.83,2.0,176.94,5.0,176.95,5.0,176.96,3.0
